2932 4842
251 345 330 422 toa

716 525 819 584 XVlll.

336 641 454 702 Seruius
481 640 519 700 ad
544 639 625 722 Virg.
654 641 726 701 Aen.
758 642 811 701 Xl.
839 643 919 703 457:
953 641 1123 714 „Padusa
1153 661 1221 722 pars
1251 649 1296 702 est

251 723 333 784 Padi.
361 759 404 771 -
434 725 505 784 lllud
535 725 724 807 incongruum
756 735 814 798 est,
849 727 991 785 Padusam
1022 725 1156 785 feminino
1187 747 1312 808 genera=
1337 743 1340 767 ν’
1452 727 1453 752 ³

251 809 333 869 iuxta
352 817 465 872 veteres
487 811 596 870 Padum
617 811 730 870 dietum.
773 811 902 872 Titinius
923 811 951 869 in
975 811 1090 870 Setina:

262 921 265 930 “
301 910 350 982 Α.
383 903 557 983 Vidistin’
574 911 761 984 Tiberiani
800 913 845 984 Β.
871 902 972 983 Vidi.
1013 911 1062 983 Λ.
1097 911 1175 988 Qui
1196 914 1295 983 illam

287 1083 290 1090 .
354 1009 357 1014 ¹
784 1015 941 1101 derivet,
969 1005 1134 1083 beriverit

302 1113 444 1206 Agrum
464 1113 669 1185 Setinum.“
686 1155 738 1166 -

252 1232 424 1310 Setinum.
463 1231 566 1292 Daniel
597 1231 785 1292 sentinam.
821 1263 865 1278 —
900 1231 990 1291 Vidi.
1021 1232 1057 1291 A.
1090 1232 1157 1298 aui
1189 1233 1294 1296 illam.

251 1315 335 1379 aaa.
366 1317 457 1377 Vidi.
486 1318 601 1376 lllaao
622 1319 704 1403 qui.
1079 1317 1084 1328 '

336 1554 444 1612 Nomen
466 1554 536 1611 haeo
556 1550 653 1611 fabula
673 1551 739 1610 inde
761 1551 885 1630 aceepit,
918 1552 993 1630 quad
1015 1551 1043 1610 in
1073 1571 1109 1611 ea
1129 1571 1295 1631 repraesen-

252 1636 366 1696 tabatur
388 1638 481 1716 puello
500 1636 603 1696 Setina
625 1636 740 1715 pulchra
763 1643 792 1695 el
814 1637 956 1714 opulenta.
993 1637 1109 1718 Fragm.
1131 1638 1167 1696 ll.
1190 1638 1223 1696 V.
1246 1638 1294 1696 Vl.

251 1721 315 1780 XV.
347 1723 392 1780 Ex
413 1721 515 1802 fragm.
537 1722 572 1780 V.
595 1722 678 1780 etiam
700 1721 884 1802 intelligitur,
915 1741 1044 1780 scaenam
1066 1721 1179 1780 fabulae
1206 1721 1295 1780 fuisso

253 1806 360 1866 Setiam
390 1807 529 1886 oppidum.
574 1806 659 1864 latam
682 1806 801 1884 puellam
823 1805 931 1866 iuvenis
954 1806 1045 1864 mollis
1067 1813 1096 1865 et
1118 1806 1295 1866 effeminatus

236 1890 282 1950 'iu
317 1891 521 1950 matrimonium
557 1892 716 1970 petiverat,
760 1891 811 1948 sed
847 1891 961 1968 potitam
999 1893 1102 1949 ducere
1140 1891 1294 1952 dubitabat.

211 1985 213 1990 ’
252 1976 367 2057 Fragm.
389 1977 438 2035 lll.
461 1977 495 2035 V.
518 1977 566 2035 Vl.
589 1975 664 2033 XlV.
697 1973 743 2032 Cf.
756 1976 871 2033 lacertt.
884 1975 989 2033 Titinii
1010 1976 1048 2033 X.
1070 1975 1148 2037 XlV.
1174 1976 1294 2055 Nuptias

252 2067 345 2121 tomen
367 2061 487 2140 paudere
507 2061 640 2123 videatur
660 2059 790 2140 iragmm.
813 2061 847 2118 V.
867 2059 948 2118 Xlll.

589 2379 958 2474 nrarc'rua

338 2548 482 2608 Charisius
510 2549 545 2608 ll.
572 2568 600 2628 p.
620 2555 680 2610 189
708 2567 753 2626 ap.
781 2548 913 2606 Patara:
946 2548 1135 2630 „Peregre
1167 2548 1293 2622 dicimus,

254 2653 336 2713 quum
358 2634 417 2693 abit
437 2634 499 2712 quis
520 2634 549 2692 in
571 2633 677 2707 locum,
704 2639 736 2690 ut
757 2632 885 2691 Titinius
906 2632 934 2690 io
958 2633 1073 2692 Setina:

305 2733 353 2805 Ut
372 2725 459 2804 hino
478 2736 622 2826 legatus
647 2725 736 2806 ribiit
760 2757 911 2826 peregre
934 2735 1123 2824 priblioe.“

252 2851 334 2913 bino
354 2886 396 2898 -
414 2851 513 2911 abiit.
543 2852 636 2933 Vulgo
655 2852 711 2912 bio
725 2886 768 2897 ·-
784 2852 868 2925 abit,
890 2851 1054 2931 imperfecto
1071 2854 1180 2932 quidem
1198 2873 1292 2916 versu.

254 2937 388 2999 Correxit
405 2937 532 2998 Bothius.

656 3085 884 3097 m

619 3257 1044 3328 vanua.v

337 3511 446 3571 Nonius
473 3530 501 3590 p.
519 3515 561 3571 95
590 3510 634 3568 od.
662 3510 766 3569 blera:
805 3507 989 3588 „liupalis'
1009 3529 1099 3569 coena
1125 3517 1170 3569 est
1196 3511 1294 3591 amplis

255 3594 371 3676 dapibus
392 3596 485 3676 plena.
528 3593 655 3652 'Titinius
676 3594 705 3652 ia
727 3593 818 3651 Varo:

251 3783 255 3790 ‚
305 3689 406 3768 Totd
433 3696 473 3766 fit
500 3697 539 3765 iu
566 3688 653 3766 foed
683 3697 728 3765 de
756 3694 864 3787 lignis
893 3693 942 3763 nri
970 3695 1109 3786 dapalis
1142 3696 1294 3770 ooiaa.“

253 3815 357 3874 Varo.
389 3813 458 3873 Cod.
488 3814 607 3893 Gualplr.
637 3814 707 3873 Veu.
735 3814 758 3872 l.
786 3815 821 3872 ll.
859 3813 921 3871 ald.
951 3813 1019 3872 Bas.
1051 3814 1139 3873 More.
1171 3815 1295 3875 Varro.

253 3900 321 3959 Par.
343 3899 422 3957 Var.
445 3929 487 3942 -
508 3897 562 3957 fit.
599 3899 665 3958 Par.
688 3898 747 3957 sit.
770 3933 810 3945 -
833 3897 875 3956 mi
897 3897 1046 3976 dapalis.
1081 3899 1151 3958 Cod.
1174 3901 1293 3980 Guelpb.

250 3984 342 4046 Mero.
363 3983 448 4042 Both.
470 3983 664 4064 indapalia.
695 3983 766 4040 Edd.
790 3982 961 4060 antiquiores
984 3982 1065 4041 milri
1087 3984 1236 4064 dapalis.
1252 4019 1295 4032 -

254 4069 338 4143 „Sod
360 4068 426 4147 quid
447 4067 499 4128 sibi
522 4069 659 4140 volunt,“
691 4067 781 4147 inquit
800 4067 935 4139 Botlrius,
962 4068 1075 4140 „verba
1096 4070 1137 4128 de
1159 4069 1295 4151 liguisl
1344 4115 1347 4126 ,

254 4155 298 4216 lia
319 4153 446 4214 nimiruum
468 4151 572 4214 affecta
589 4159 669 4226 sunt,
699 4153 901 4231 mutandaque,
927 4151 983 4214 uisi
1003 4151 1103 4226 fallor,
1133 4153 1163 4214 in
1185 4155 1296 4216 aeliu-
