2932 4842
251 333 335 416 lot
381 346 385 354 '

252 518 312 588 est,
339 531 415 590 non,
436 522 469 574 ut
489 515 719 590 liabetl'utsclr„
741 515 937 580 inauratae
957 538 1021 598 pru
1042 537 1112 579 uon
1134 527 1309 580 auratae.

253 599 324 658 Nam
351 599 551 681 grammaticus
578 608 641 662 toto
668 604 723 663 lroe
749 602 843 682 capito
870 602 905 664 de
926 600 1069 665 adverbiis
1090 610 1199 663 tantum
1225 604 1309 686 ogit.

253 683 346 750 Quum
376 690 470 745 autem
500 686 627 749 adverbii
656 686 826 747 inaurato
853 690 1010 770 exemplum
1038 688 1068 749 in
1090 695 1219 770 promptu
1244 709 1310 749 non

210 784 213 788 ·
253 769 386 842 haberet,
414 769 497 830 istum
520 771 625 832 Titinii
645 771 736 834 locum
757 772 861 852 posuit.

735 954 811 1016 vm.

340 1091 484 1150 Charisius
511 1093 546 1152 ll.
568 1098 674 1172 p.1aa
698 1092 899 1172 ap.Putscl1.:
931 1091 1075 1165 „Medio
1105 1089 1216 1166 fidio,
1249 1110 1309 1172 per

253 1173 355 1235 lovem
376 1184 426 1235 aut
446 1175 529 1238 tidem
550 1175 673 1238 filiumve
695 1177 790 1250 lovis,
819 1177 983 1251 Herculem3
1015 1195 1086 1256 quae
1108 1176 1211 1236 iuratio
1233 1196 1308 1256 pro-

253 1258 316 1340 pria
337 1260 460 1322 virorum
482 1270 540 1335 est,
566 1269 599 1322 ut
619 1260 785 1323 feminarum
806 1261 956 1341 Edepol,
978 1264 1147 1334 Ecastor,
1169 1261 1307 1323 lliuno.

252 1343 382 1426 Denique
404 1347 532 1406 Titinius
553 1347 583 1408 in
606 1348 719 1420 Setina,
750 1348 918 1408 molliculum
943 1347 1196 1418 adolescentulum,
1229 1345 1307 1408 effe·

252 1429 357 1512 minate
378 1431 554 1509 loquentem,
586 1451 669 1511 quum
690 1433 896 1511 reprehendere
917 1432 1010 1514 magis
1030 1432 1131 1492 vellet:
1162 1431 1228 1505 An,
1258 1430 1307 1490 in·

253 1515 329 1593 quit,
361 1515 443 1594 quia
464 1517 522 1596 pol
544 1517 675 1597 edepol
695 1515 883 1589 tribulare,
912 1517 967 1576 edi
987 1517 1090 1576 medi.
1133 1515 1198 1575 Edi
1219 1515 1304 1575 Titi·

253 1599 316 1659 nius
338 1600 367 1659 iu
389 1601 543 1660 Barathro:
574 1601 611 1661 ld
633 1622 783 1662 neccsse
804 1602 1005 1681 respondet
1025 1601 1119 1660 edi.“
1161 1600 1305 1661 Bothiusc

253 1684 313 1756 „ln
335 1685 435 1763 quibus
465 1687 642 1746 scribendum
663 1694 731 1766 puto
752 1686 1012 1746 Mediusfidius
1037 1720 1081 1732 -—
1113 1684 1304 1769 fabulare?

234 1767 318 1828 ‘Dic
344 1770 436 1829 Medi
465 1769 510 1846 (ut
531 1772 589 1844 vir,
618 1793 673 1830 non
696 1772 819 1851 Edepol,
846 1779 879 1831 ut
905 1771 1043 1843 foemina,
1077 1791 1128 1850 pro
1154 1769 1305 1829 lllediusfi·

252 1853 331 1926 dius,
354 1855 428 1914 sicut
449 1857 502 1914 Edi
524 1878 575 1936 pro
597 1856 784 1930 Ediusfidius‚
812 1857 925 1916 nomine
945 1856 1119 1936 populariter
1141 1853 1303 1937 truncato).

253 1971 296 1986 -
326 1941 379 2012 ,ld
407 1961 561 2001 necesse
591 1947 680 2012 est,‘
720 1942 947 2020 respondent
969 1941 1061 2000 edi.“
1103 1941 1168 1998 Non
1190 1940 1303 2012 dubito,

254 2024 321 2102 quin
351 2032 430 2084 recte
457 2027 624 2086 restituatur
651 2027 790 2085 Medius
819 2026 935 2084 lidius
962 2045 1013 2105 pro
1040 2025 1160 2084 illedio
1191 2023 1302 2085 ficio.

251 2108 424 2189 Depravatio
447 2111 512 2170 inde
535 2119 599 2171 orta
620 2111 671 2183 sit,
694 2111 768 2190 quod
786 2110 896 2190 syllaba
916 2130 972 2183 us,
995 2109 1160 2189 compendio
1182 2110 1302 2188 scripta,

252 2213 311 2253 non
338 2195 420 2255 valde
449 2195 591 2256 dissimilis
618 2204 681 2256 erat
706 2216 724 2254 o
753 2196 875 2255 litterae.
928 2195 986 2254 Sed
1007 2196 1101 2266 locus,
1134 2215 1171 2252 ex
1193 2194 1304 2254 Titinii

253 2279 354 2339 Setina
373 2281 493 2360 petitus,
525 2282 551 2340 si
572 2302 610 2341 ex
630 2281 727 2340 Bothii
748 2281 911 2341 coniectura
932 2281 1085 2351 scribatur,
1113 2277 1301 2358 frigidiuscu·

250 2363 307 2423 lam
335 2366 452 2444 praebet
478 2367 656 2426 sententium.
699 2367 798 2443 Neque
820 2366 1032 2425 auscultandum
1053 2370 1123 2444 puto
1146 2364 1301 2436 Turnebo,

252 2449 371 2509 Advers.
393 2451 441 2508 lll.
464 2458 505 2511 20
534 2451 684 2510 scribentiz
718 2451 854 2523 „Medius
875 2449 958 2508 fidius
987 2470 1044 2508 non
1072 2449 1203 2508 iurabant
1231 2448 1302 2508 olim

252 2534 393 2594 mulieres.
415 2536 573 2594 eratenim
595 2535 637 2594 eis
658 2536 760 2617 religio
782 2537 836 2594 hoe
857 2535 1046 2594 iusiurandum
1068 2532 1210 2612 proferre:
1232 2553 1302 2612 pro-

252 2618 318 2678 inde
331 2619 459 2678 Titinius
480 2620 710 2693 adolescentem,
727 2620 775 2699 qui
797 2621 826 2678 in
849 2619 999 2678 foeminam
1022 2620 1221 2700 degeneraret,
1242 2619 1301 2679 hoc

251 2702 445 2763 iusiurandum
472 2724 529 2763 non
557 2706 662 2764 audere
690 2703 783 2784 eloqui
805 2704 882 2764 dicit.
925 2705 997 2764 Nam
1018 2724 1080 2763 cnm
1101 2705 1205 2785 vulgus
1226 2704 1300 2764 lraec

251 2789 340 2850 verba
360 2788 550 2862 imminueret,
573 2797 604 2849 et
623 2791 807 2869 depravaret,
830 2796 859 2850 et
880 2809 932 2869 pro
954 2788 1061 2848 medius
1083 2790 1156 2847 medi
1178 2789 1297 2862 diceret,

250 2871 405 2933 faciteam
427 2873 521 2934 dicere
542 2895 594 2954 pro
616 2875 688 2934 medi
711 2876 770 2934 edi:
803 2875 854 2932 An
883 2875 980 2952 quia,
1007 2874 1112 2952 iuquit,
1140 2874 1215 2952 pol,
1243 2893 1298 2933 ae-

126 3031 128 3036 ,
164 3039 170 3050 ⁸
253 2958 357 3037 depol
388 2957 568 3031 fabulare,
600 2960 691 3019 medi
723 2959 815 3019 edi.“
868 2960 1026 3018 Secundum
1057 2958 1178 3018 Charisii
1207 2958 1297 3020 verba

225 3074 236 3084 =
252 3042 435 3124 exprobravit
456 3044 557 3122 aliquis
578 3044 606 3102 in
621 3045 720 3104 Setina
736 3045 963 3116 adolescentulo,
985 3043 1144 3103 effeminate
1160 3043 1300 3122 loquenti,

250 3128 395 3189 mollitiam
418 3129 514 3209 ipsius.
558 3130 641 3188 Dixit
662 3130 765 3210 igitur,
787 3136 820 3187 ut
841 3129 922 3188 simul
944 3149 981 3188 ex
1002 3129 1091 3208 ipsius
1108 3127 1212 3186 Titinii
1233 3148 1297 3189 ver·

252 3213 297 3274 lris
318 3214 421 3275 coniici
442 3221 553 3293 potest,
574 3213 637 3273 fere
657 3215 742 3273 haec:
774 3215 898 3273 Prorsus
919 3221 952 3272 ut
972 3213 1072 3272 mulier
1092 3220 1122 3272 te
1143 3214 1237 3294 geris,
1265 3218 1299 3272 ut

252 3299 351 3359 mulier
373 3300 511 3378 loqueris3
544 3319 581 3358 an
603 3300 668 3358 inde
690 3306 772 3378 putas
797 3299 934 3378 intelligi,
961 3305 990 3356 te
1011 3298 1100 3358 virum
1122 3318 1200 3369 esse,
1223 3297 1299 3376 quod

251 3384 325 3464 pol,
348 3380 476 3463 edepol
497 3382 650 3444 fabularisl
674 3384 864 3462 continuoque
885 3384 1005 3442 irridens
1026 3397 1106 3441 suam
1128 3383 1206 3442 addit
1221 3383 1296 3441 iura·

251 3469 357 3529 tionem
377 3469 499 3540 virilem,
532 3469 603 3540 edi,
630 3469 734 3540 medi,
766 3487 838 3546 quae
861 3469 916 3526 duo
938 3469 1026 3527 verba
1046 3469 1219 3548 respondent
1240 3467 1296 3526 illis

251 3554 325 3633 pol,
347 3552 484 3633 edepol.
528 3553 626 3632 ltaque
647 3553 823 3612 scribendum
844 3552 896 3610 sit:
919 3553 968 3611 An
991 3552 1074 3630 quia
1096 3552 1196 3631 „pol,
1219 3551 1297 3612 ede-

252 3638 336 3717 pol“
357 3637 543 3697 fabularel
571 3637 644 3708 edi,
666 3637 765 3698 medi.
815 3637 921 3696 Versus
943 3644 1036 3696 autem
1058 3646 1102 3698 est
1122 3637 1296 3696 Bacchiacus

253 3730 424 3782 tetrameter.
467 3722 586 3781 Bothius
608 3743 685 3792 eum,
714 3743 752 3782 ex
773 3743 825 3780 sua
847 3723 1011 3782 coniectura
1033 3723 1181 3801 scriptum,
1211 3722 1298 3781 habet

252 3828 304 3887 pre
326 3809 398 3866 trim.
422 3807 519 3878 iamla,
551 3828 608 3866 uon
629 3815 779 3886 reputans,
813 3807 934 3886 priorem
956 3807 1089 3885 syllabam
1120 3808 1148 3866 in
1179 3807 1235 3866 edi
1267 3811 1298 3865 et

254 3892 344 3953 medi
373 3891 505 3972 perinde,
537 3898 569 3952 ut
590 3893 706 3972 primam
732 3892 762 3950 in
784 3899 930 3951 ecastor
958 3901 987 3951 et
1007 3900 1201 3962 mecastor,
1232 3911 1297 3952 esse

254 3981 379 4059 longam.
433 3977 512 4036 Unde
534 3977 618 4036 etiam
640 3975 757 4036 fluxisse
788 3977 899 4036 videtur
930 3977 991 4036 eius
1022 3978 1201 4037 coniectura:
1233 3976 1298 4048 „ld

253 4083 402 4123 neccsse
434 4067 529 4134 est,“
560 4063 784 4141 respondent
814 4061 880 4120 edi.
923 4063 1060 4122 Fortasse
1082 4062 1296 4142 corrigendum:

568 4188 615 4200 ·-
637 4147 698 4234 ‚lc
724 4148 872 4218 necesse
899 4169 981 4218 esse
1006 4149 1200 4238 respondet
1226 4147 1294 4218 adi.
