<?xml version="1.0" encoding="UTF-8"?>
<!DOCTYPE html PUBLIC "-//W3C//DTD XHTML 1.0 Transitional//EN"
    "http://www.w3.org/TR/xhtml1/DTD/xhtml1-transitional.dtd">
<html xmlns="http://www.w3.org/1999/xhtml" xml:lang="en" lang="en">
 <head>
  <title>
</title>
<meta http-equiv="Content-Type" content="text/html;charset=utf-8" />
  <meta name='ocr-system' content='tesseract 3.04.00' />
  <meta name='ocr-capabilities' content='ocr_page ocr_carea ocr_par ocr_line ocrx_word'/>
</head>
<body>
  <div class='ocr_page' id='page_1' title='image "./defabulatogatar01neukgoog_0105.png"; bbox 0 0 2932 4842; ppageno 0'>
   <div class='ocr_carea' id='block_1_1' title="bbox 396 711 1134 784">
    <p class='ocr_par' dir='ltr' id='par_1_1' title="bbox 396 711 1134 784">
     <span class='ocr_line' id='line_1_1' title="bbox 396 711 1134 784; baseline 0.004 -3"><span class='ocrx_word' id='word_1_1' title='bbox 396 714 443 783; x_wconf 79' lang='lat'>0.</span> <span class='ocrx_word' id='word_1_2' title='bbox 477 711 679 782; x_wconf 65' lang='lat' dir='ltr'>011·ssss</span> <span class='ocrx_word' id='word_1_3' title='bbox 712 711 1134 784; x_wconf 69' lang='lat' dir='ltr'>HAEGEM&#39;HS.</span> 
     </span>
    </p>
   </div>
   <div class='ocr_carea' id='block_1_2' title="bbox 688 851 840 863">
    <p class='ocr_par' dir='ltr' id='par_1_2' title="bbox 688 851 840 863">
     <span class='ocr_line' id='line_1_2' title="bbox 688 851 840 863; baseline 0.02 -3"><span class='ocrx_word' id='word_1_4' title='bbox 688 851 840 863; x_wconf 75' lang='lat'>——</span> 
     </span>
    </p>
   </div>
   <div class='ocr_carea' id='block_1_3' title="bbox 615 954 921 1016">
    <p class='ocr_par' dir='ltr' id='par_1_3' title="bbox 615 954 921 1016">
     <span class='ocr_line' id='line_1_3' title="bbox 615 954 921 1016; baseline 0 -2"><span class='ocrx_word' id='word_1_5' title='bbox 615 954 921 1016; x_wconf 68' lang='lat' dir='ltr'>secuntus</span> 
     </span>
    </p>
   </div>
   <div class='ocr_carea' id='block_1_4' title="bbox 242 1071 1370 1778">
    <p class='ocr_par' dir='ltr' id='par_1_4' title="bbox 242 1071 1293 1388">
     <span class='ocr_line' id='line_1_4' title="bbox 327 1071 1293 1154; baseline 0.003 -24"><span class='ocrx_word' id='word_1_6' title='bbox 327 1071 492 1134; x_wconf 68' lang='lat' dir='ltr'>Priscianus</span> <span class='ocrx_word' id='word_1_7' title='bbox 511 1071 550 1131; x_wconf 75' lang='lat' dir='ltr'>X.</span> <span class='ocrx_word' id='word_1_8' title='bbox 573 1079 602 1134; x_wconf 83' lang='lat'>8.</span> <span class='ocrx_word' id='word_1_9' title='bbox 625 1078 668 1138; x_wconf 73' lang='lat'>,47</span> <span class='ocrx_word' id='word_1_10' title='bbox 688 1093 716 1153; x_wconf 90' lang='lat' dir='ltr'>p.</span> <span class='ocrx_word' id='word_1_11' title='bbox 733 1077 794 1134; x_wconf 74' lang='lat'>902</span> <span class='ocrx_word' id='word_1_12' title='bbox 817 1091 859 1150; x_wconf 83' lang='lat' dir='ltr'>sq.</span> <span class='ocrx_word' id='word_1_13' title='bbox 881 1093 926 1154; x_wconf 84' lang='lat' dir='ltr'>ap.</span> <span class='ocrx_word' id='word_1_14' title='bbox 948 1072 1079 1132; x_wconf 84' lang='lat' dir='ltr'>Putsch.:</span> <span class='ocrx_word' id='word_1_15' title='bbox 1121 1075 1179 1145; x_wconf 90' lang='lat' dir='ltr'>„ln</span> <span class='ocrx_word' id='word_1_16' title='bbox 1208 1080 1245 1132; x_wconf 90' lang='lat' dir='ltr'>to</span> <span class='ocrx_word' id='word_1_17' title='bbox 1274 1093 1293 1133; x_wconf 92' lang='lat' dir='ltr'>c</span> 
     </span>
     <span class='ocr_line' id='line_1_5' title="bbox 243 1157 1291 1238; baseline -0.001 -20"><span class='ocrx_word' id='word_1_18' title='bbox 243 1158 429 1218; x_wconf 74' lang='lat' dir='ltr'>antecedente</span> <span class='ocrx_word' id='word_1_19' title='bbox 449 1157 563 1218; x_wconf 84' lang='lat' dir='ltr'>inuenio</span> <span class='ocrx_word' id='word_1_20' title='bbox 585 1164 698 1236; x_wconf 90' lang='lat' dir='ltr'>pecto,</span> <span class='ocrx_word' id='word_1_21' title='bbox 720 1157 800 1216; x_wconf 87' lang='lat' dir='ltr'>cuius</span> <span class='ocrx_word' id='word_1_22' title='bbox 821 1157 1002 1236; x_wconf 78' lang='lat' dir='ltr'>praeteritum</span> <span class='ocrx_word' id='word_1_23' title='bbox 1022 1157 1148 1238; x_wconf 83' lang='lat' dir='ltr'>plerique</span> <span class='ocrx_word' id='word_1_24' title='bbox 1169 1159 1291 1237; x_wconf 86' lang='lat' dir='ltr'>pexui,</span> 
     </span>
     <span class='ocr_line' id='line_1_6' title="bbox 242 1241 1291 1324; baseline 0 -22"><span class='ocrx_word' id='word_1_25' title='bbox 242 1243 335 1323; x_wconf 75' lang='lat' dir='ltr'>Asper</span> <span class='ocrx_word' id='word_1_26' title='bbox 356 1249 448 1302; x_wconf 76' lang='lat' dir='ltr'>munau</span> <span class='ocrx_word' id='word_1_27' title='bbox 470 1241 633 1324; x_wconf 76' lang='lat' dir='ltr'>pectini,</span> <span class='ocrx_word' id='word_1_28' title='bbox 646 1241 792 1304; x_wconf 73' lang='lat' dir='ltr'>Charisius</span> <span class='ocrx_word' id='word_1_29' title='bbox 812 1242 895 1322; x_wconf 86' lang='lat' dir='ltr'>pexi</span> <span class='ocrx_word' id='word_1_30' title='bbox 916 1243 1102 1322; x_wconf 86' lang='lat' dir='ltr'>protulerunt.</span> <span class='ocrx_word' id='word_1_31' title='bbox 1133 1243 1291 1304; x_wconf 58' lang='lat' dir='ltr'>Manem</span> 
     </span>
     <span class='ocr_line' id='line_1_7' title="bbox 242 1327 428 1388; baseline -0.005 -1"><span class='ocrx_word' id='word_1_32' title='bbox 242 1327 272 1387; x_wconf 92' lang='lat' dir='ltr'>in</span> <span class='ocrx_word' id='word_1_33' title='bbox 294 1327 428 1388; x_wconf 75' lang='lat' dir='ltr'>Octauios</span> 
     </span>
    </p>

    <p class='ocr_par' dir='ltr' id='par_1_5' title="bbox 342 1410 1092 1506">
     <span class='ocr_line' id='line_1_8' title="bbox 342 1410 1092 1506; baseline 0.001 -23"><span class='ocrx_word' id='word_1_34' title='bbox 342 1410 488 1484; x_wconf 83' lang='lat' dir='ltr'>Pexisti</span> <span class='ocrx_word' id='word_1_35' title='bbox 512 1410 682 1506; x_wconf 79' lang='lat' dir='ltr'>capillum</span> <span class='ocrx_word' id='word_1_36' title='bbox 706 1413 859 1482; x_wconf 80' lang='lat' dir='ltr'>netdree</span> <span class='ocrx_word' id='word_1_37' title='bbox 884 1411 1092 1484; x_wconf 73' lang='lat' dir='ltr'>muntnbns</span> 
     </span>
    </p>

    <p class='ocr_par' dir='ltr' id='par_1_6' title="bbox 242 1509 1370 1778">
     <span class='ocr_line' id='line_1_9' title="bbox 346 1509 621 1584; baseline -0.007 0"><span class='ocrx_word' id='word_1_38' title='bbox 346 1509 545 1584; x_wconf 83' lang='lat' dir='ltr'>Gnatum.“</span> <span class='ocrx_word' id='word_1_39' title='bbox 568 1553 621 1566; x_wconf 85' lang='lat'>-</span> 
     </span>
     <span class='ocr_line' id='line_1_10' title="bbox 242 1611 1370 1695; baseline 0.002 -21"><span class='ocrx_word' id='word_1_40' title='bbox 242 1613 404 1676; x_wconf 78' lang='lat' dir='ltr'>(letaris.</span> <span class='ocrx_word' id='word_1_41' title='bbox 427 1614 495 1686; x_wconf 81' lang='lat' dir='ltr'>,Sic</span> <span class='ocrx_word' id='word_1_42' title='bbox 515 1613 603 1695; x_wconf 74' lang='lat' dir='ltr'>urigo</span> <span class='ocrx_word' id='word_1_43' title='bbox 623 1611 746 1694; x_wconf 70' lang='lat' dir='ltr'>legitur,</span> <span class='ocrx_word' id='word_1_44' title='bbox 778 1631 833 1675; x_wconf 87' lang='lat' dir='ltr'>uec</span> <span class='ocrx_word' id='word_1_45' title='bbox 858 1612 923 1676; x_wconf 83' lang='lat' dir='ltr'>rino</span> <span class='ocrx_word' id='word_1_46' title='bbox 950 1613 1079 1676; x_wconf 83' lang='lat' dir='ltr'>codicum</span> <span class='ocrx_word' id='word_1_47' title='bbox 1104 1613 1290 1676; x_wconf 66' lang='lat' dir='ltr'>menese.</span> <span class='ocrx_word' id='word_1_48' title='bbox 1368 1629 1370 1634; x_wconf 77' lang='grc'>’</span> 
     </span>
     <span class='ocr_line' id='line_1_11' title="bbox 242 1697 1290 1778; baseline 0 -18"><span class='ocrx_word' id='word_1_49' title='bbox 242 1699 378 1760; x_wconf 83' lang='lat' dir='ltr'>Krellius</span> <span class='ocrx_word' id='word_1_50' title='bbox 398 1718 438 1758; x_wconf 83' lang='lat' dir='ltr'>ex</span> <span class='ocrx_word' id='word_1_51' title='bbox 458 1698 580 1778; x_wconf 85' lang='lat' dir='ltr'>quinque</span> <span class='ocrx_word' id='word_1_52' title='bbox 601 1697 683 1760; x_wconf 84' lang='lat' dir='ltr'>codd</span> <span class='ocrx_word' id='word_1_53' title='bbox 706 1697 795 1758; x_wconf 89' lang='lat' dir='ltr'>edidit</span> <span class='ocrx_word' id='word_1_54' title='bbox 816 1697 1020 1770; x_wconf 79' lang='lat' dir='ltr'>Octauium,</span> <span class='ocrx_word' id='word_1_55' title='bbox 1047 1699 1077 1760; x_wconf 90' lang='lat' dir='ltr'>in</span> <span class='ocrx_word' id='word_1_56' title='bbox 1099 1699 1195 1760; x_wconf 77' lang='lat' dir='ltr'>lodice</span> <span class='ocrx_word' id='word_1_57' title='bbox 1216 1701 1290 1760; x_wconf 76' lang='lat' dir='ltr'>scri·</span> 
     </span>
    </p>
   </div>
   <div class='ocr_carea' id='block_1_5' title="bbox 149 1781 1289 1866">
    <p class='ocr_par' dir='ltr' id='par_1_7' title="bbox 149 1781 1289 1866">
     <span class='ocr_line' id='line_1_12' title="bbox 149 1781 1289 1866; baseline 0 -22"><span class='ocrx_word' id='word_1_58' title='bbox 149 1781 152 1788; x_wconf 82' lang='grc'><strong><em>’</em></strong></span> <span class='ocrx_word' id='word_1_59' title='bbox 242 1791 355 1866; x_wconf 82' lang='lat' dir='ltr'>plorum</span> <span class='ocrx_word' id='word_1_60' title='bbox 374 1805 404 1864; x_wconf 86' lang='lat' dir='ltr'>p.</span> <span class='ocrx_word' id='word_1_61' title='bbox 423 1788 487 1850; x_wconf 70' lang='lat'>⁶74</span> <span class='ocrx_word' id='word_1_62' title='bbox 507 1783 661 1848; x_wconf 81' lang='lat' dir='ltr'>coniicieoa</span> <span class='ocrx_word' id='word_1_63' title='bbox 683 1789 832 1855; x_wconf 82' lang='lat' dir='ltr'>octaua,</span> <span class='ocrx_word' id='word_1_64' title='bbox 861 1783 936 1862; x_wconf 84' lang='lat' dir='ltr'>quod</span> <span class='ocrx_word' id='word_1_65' title='bbox 962 1783 1042 1844; x_wconf 84' lang='lat' dir='ltr'>nihili</span> <span class='ocrx_word' id='word_1_66' title='bbox 1068 1784 1188 1846; x_wconf 84' lang='lat' dir='ltr'>ridetur.</span> <span class='ocrx_word' id='word_1_67' title='bbox 1230 1785 1289 1844; x_wconf 74' lang='lat' dir='ltr'>u·-</span> 
     </span>
    </p>
   </div>
   <div class='ocr_carea' id='block_1_6' title="bbox 242 1866 1288 2625">
    <p class='ocr_par' dir='ltr' id='par_1_8' title="bbox 242 1866 1288 2625">
     <span class='ocr_line' id='line_1_13' title="bbox 243 1866 1288 1948; baseline -0.002 -18"><span class='ocrx_word' id='word_1_68' title='bbox 243 1869 298 1930; x_wconf 87' lang='lat' dir='ltr'>cilo</span> <span class='ocrx_word' id='word_1_69' title='bbox 328 1869 451 1948; x_wconf 83' lang='lat' dir='ltr'>transire</span> <span class='ocrx_word' id='word_1_70' title='bbox 482 1867 575 1948; x_wconf 87' lang='lat' dir='ltr'>potuit</span> <span class='ocrx_word' id='word_1_71' title='bbox 604 1866 755 1930; x_wconf 79' lang='lat' dir='ltr'>Octavia</span> <span class='ocrx_word' id='word_1_72' title='bbox 783 1867 830 1931; x_wconf 79' lang='lat' dir='ltr'>vel</span> <span class='ocrx_word' id='word_1_73' title='bbox 859 1868 1041 1929; x_wconf 77' lang='lat' dir='ltr'>Octaviam</span> <span class='ocrx_word' id='word_1_74' title='bbox 1078 1869 1107 1928; x_wconf 92' lang='lat' dir='ltr'>in</span> <span class='ocrx_word' id='word_1_75' title='bbox 1135 1876 1288 1942; x_wconf 9' lang='lat' dir='ltr'>pectavo,</span> 
     </span>
     <span class='ocr_line' id='line_1_14' title="bbox 243 1951 1288 2019; baseline -0.004 -2"><span class='ocrx_word' id='word_1_76' title='bbox 243 1974 301 2017; x_wconf 86' lang='lat' dir='ltr'>uon</span> <span class='ocrx_word' id='word_1_77' title='bbox 327 1953 395 2014; x_wconf 86' lang='lat' dir='ltr'>item</span> <span class='ocrx_word' id='word_1_78' title='bbox 421 1955 475 2014; x_wconf 81' lang='lat' dir='ltr'>hoc</span> <span class='ocrx_word' id='word_1_79' title='bbox 504 1953 534 2014; x_wconf 88' lang='lat' dir='ltr'>in</span> <span class='ocrx_word' id='word_1_80' title='bbox 561 1953 637 2014; x_wconf 84' lang='lat' dir='ltr'>illud.</span> <span class='ocrx_word' id='word_1_81' title='bbox 681 1951 726 2012; x_wconf 80' lang='lat' dir='ltr'>Cf.</span> <span class='ocrx_word' id='word_1_82' title='bbox 749 1959 859 2015; x_wconf 78' lang='lat' dir='ltr'>asueti.</span> <span class='ocrx_word' id='word_1_83' title='bbox 880 1953 918 2016; x_wconf 86' lang='lat' dir='ltr'>ad</span> <span class='ocrx_word' id='word_1_84' title='bbox 938 1952 1042 2015; x_wconf 81' lang='lat' dir='ltr'>Titinii</span> <span class='ocrx_word' id='word_1_85' title='bbox 1064 1953 1163 2019; x_wconf 72' lang='lat' dir='ltr'>Quint.</span> <span class='ocrx_word' id='word_1_86' title='bbox 1205 1955 1288 2014; x_wconf 81' lang='lat' dir='ltr'>Unus</span> 
     </span>
     <span class='ocr_line' id='line_1_15' title="bbox 243 2037 1287 2120; baseline -0.001 -20"><span class='ocrx_word' id='word_1_87' title='bbox 243 2039 325 2100; x_wconf 86' lang='lat' dir='ltr'>cedd</span> <span class='ocrx_word' id='word_1_88' title='bbox 346 2039 445 2100; x_wconf 81' lang='lat' dir='ltr'>Ktelrl.</span> <span class='ocrx_word' id='word_1_89' title='bbox 466 2038 552 2098; x_wconf 77' lang='lat' dir='ltr'>habet</span> <span class='ocrx_word' id='word_1_90' title='bbox 572 2039 661 2101; x_wconf 87' lang='lat' dir='ltr'>Vllll.</span> <span class='ocrx_word' id='word_1_91' title='bbox 703 2037 818 2101; x_wconf 86' lang='lat' dir='ltr'>llelrius</span> <span class='ocrx_word' id='word_1_92' title='bbox 839 2039 994 2120; x_wconf 58' lang='lat' dir='ltr'>syntagm,</span> <span class='ocrx_word' id='word_1_93' title='bbox 1014 2044 1091 2120; x_wconf 78' lang='lat' dir='ltr'>trug.</span> <span class='ocrx_word' id='word_1_94' title='bbox 1118 2038 1184 2098; x_wconf 72' lang='lat' dir='ltr'>isc</span> <span class='ocrx_word' id='word_1_95' title='bbox 1205 2040 1248 2098; x_wconf 81' lang='grc' dir='ltr'>Τ.</span> <span class='ocrx_word' id='word_1_96' title='bbox 1262 2039 1287 2099; x_wconf 88' lang='lat' dir='ltr'>l.</span> 
     </span>
     <span class='ocr_line' id='line_1_16' title="bbox 243 2121 1288 2206; baseline -0.004 -18"><span class='ocrx_word' id='word_1_97' title='bbox 243 2133 340 2206; x_wconf 71' lang='lat' dir='ltr'>pis:</span> <span class='ocrx_word' id='word_1_98' title='bbox 372 2125 432 2197; x_wconf 88' lang='lat' dir='ltr'>‚,c.</span> <span class='ocrx_word' id='word_1_99' title='bbox 455 2123 598 2184; x_wconf 84' lang='lat' dir='ltr'>Cilnius</span> <span class='ocrx_word' id='word_1_100' title='bbox 619 2123 826 2195; x_wconf 87' lang='lat' dir='ltr'>Maecenas,</span> <span class='ocrx_word' id='word_1_101' title='bbox 857 2121 964 2184; x_wconf 78' lang='lat' dir='ltr'>citrmte</span> <span class='ocrx_word' id='word_1_102' title='bbox 991 2123 1102 2184; x_wconf 86' lang='lat' dir='ltr'>Seneca</span> <span class='ocrx_word' id='word_1_103' title='bbox 1128 2124 1288 2203; x_wconf 77' lang='lat' dir='ltr'>composuit</span> 
     </span>
     <span class='ocr_line' id='line_1_17' title="bbox 243 2207 1286 2288; baseline 0.001 -20"><span class='ocrx_word' id='word_1_104' title='bbox 243 2209 456 2281; x_wconf 77' lang='lat' dir='ltr'>Prometheum,</span> <span class='ocrx_word' id='word_1_105' title='bbox 492 2214 524 2270; x_wconf 87' lang='lat' dir='ltr'>et</span> <span class='ocrx_word' id='word_1_106' title='bbox 552 2208 659 2268; x_wconf 83' lang='lat' dir='ltr'>citente</span> <span class='ocrx_word' id='word_1_107' title='bbox 686 2207 835 2271; x_wconf 85' lang='lat' dir='ltr'>Prisciano</span> <span class='ocrx_word' id='word_1_108' title='bbox 862 2207 1031 2271; x_wconf 79' lang='lat' dir='ltr'>Octauiam..</span> <span class='ocrx_word' id='word_1_109' title='bbox 1065 2208 1124 2268; x_wconf 86' lang='lat' dir='ltr'>Sed</span> <span class='ocrx_word' id='word_1_110' title='bbox 1154 2207 1286 2288; x_wconf 74' lang='lat' dir='ltr'>prolecto</span> 
     </span>
     <span class='ocr_line' id='line_1_18' title="bbox 242 2291 1286 2372; baseline -0.005 -14"><span class='ocrx_word' id='word_1_111' title='bbox 242 2295 289 2358; x_wconf 85' lang='lat' dir='ltr'>vel</span> <span class='ocrx_word' id='word_1_112' title='bbox 309 2295 460 2360; x_wconf 82' lang='lat' dir='ltr'>mendosus</span> <span class='ocrx_word' id='word_1_113' title='bbox 480 2300 526 2354; x_wconf 88' lang='lat' dir='ltr'>est</span> <span class='ocrx_word' id='word_1_114' title='bbox 545 2291 726 2366; x_wconf 81' lang='lat' dir='ltr'>Priscianus3</span> <span class='ocrx_word' id='word_1_115' title='bbox 755 2292 801 2354; x_wconf 88' lang='lat' dir='ltr'>vel</span> <span class='ocrx_word' id='word_1_116' title='bbox 829 2292 978 2354; x_wconf 79' lang='lat' dir='ltr'>Octauia</span> <span class='ocrx_word' id='word_1_117' title='bbox 1005 2291 1159 2372; x_wconf 71' lang='lat' dir='ltr'>crispis·</span> <span class='ocrx_word' id='word_1_118' title='bbox 1183 2313 1286 2353; x_wconf 82' lang='lat' dir='ltr'>recen·</span> 
     </span>
     <span class='ocr_line' id='line_1_19' title="bbox 242 2376 1286 2460; baseline -0.001 -21"><span class='ocrx_word' id='word_1_119' title='bbox 242 2377 576 2460; x_wconf 75' lang='lat' dir='ltr'>tiorjsestMaecenatis.</span> <span class='ocrx_word' id='word_1_120' title='bbox 606 2376 639 2437; x_wconf 80' lang='lat' dir='ltr'>si</span> <span class='ocrx_word' id='word_1_121' title='bbox 653 2377 795 2437; x_wconf 78' lang='lat' dir='ltr'>Melissi</span> <span class='ocrx_word' id='word_1_122' title='bbox 815 2376 1041 2438; x_wconf 75' lang='lat' dir='ltr'>Maecenatis</span> <span class='ocrx_word' id='word_1_123' title='bbox 1062 2379 1286 2450; x_wconf 57' lang='lat' dir='ltr'>uomendum-s·</span> 
     </span>
     <span class='ocr_line' id='line_1_20' title="bbox 242 2461 1285 2542; baseline -0.006 -14"><span class='ocrx_word' id='word_1_124' title='bbox 242 2465 365 2528; x_wconf 80' lang='lat' dir='ltr'>vicissim</span> <span class='ocrx_word' id='word_1_125' title='bbox 385 2463 458 2522; x_wconf 82' lang='lat' dir='ltr'>hunc</span> <span class='ocrx_word' id='word_1_126' title='bbox 473 2461 617 2523; x_wconf 83' lang='lat' dir='ltr'>(lctouiam</span> <span class='ocrx_word' id='word_1_127' title='bbox 639 2482 697 2520; x_wconf 92' lang='lat' dir='ltr'>nou</span> <span class='ocrx_word' id='word_1_128' title='bbox 719 2461 910 2542; x_wconf 82' lang='lat' dir='ltr'>tragoediam,</span> <span class='ocrx_word' id='word_1_129' title='bbox 933 2463 983 2521; x_wconf 90' lang='lat' dir='ltr'>sed</span> <span class='ocrx_word' id='word_1_130' title='bbox 1001 2461 1173 2521; x_wconf 81' lang='lat' dir='ltr'>comoediam</span> <span class='ocrx_word' id='word_1_131' title='bbox 1194 2461 1285 2522; x_wconf 84' lang='lat' dir='ltr'>luisse</span> 
     </span>
     <span class='ocr_line' id='line_1_21' title="bbox 242 2545 1285 2625; baseline -0.003 -16"><span class='ocrx_word' id='word_1_132' title='bbox 242 2549 419 2609; x_wconf 80' lang='lat' dir='ltr'>contendum.</span> <span class='ocrx_word' id='word_1_133' title='bbox 440 2579 483 2592; x_wconf 90' lang='lat'>--</span> <span class='ocrx_word' id='word_1_134' title='bbox 504 2545 607 2606; x_wconf 85' lang='lat' dir='ltr'>Verum</span> <span class='ocrx_word' id='word_1_135' title='bbox 629 2546 748 2625; x_wconf 85' lang='lat' dir='ltr'>putarim</span> <span class='ocrx_word' id='word_1_136' title='bbox 770 2546 864 2625; x_wconf 85' lang='lat' dir='ltr'>polius</span> <span class='ocrx_word' id='word_1_137' title='bbox 885 2546 970 2604; x_wconf 81' lang='lat' dir='ltr'>Cilnii</span> <span class='ocrx_word' id='word_1_138' title='bbox 988 2546 1162 2606; x_wconf 78' lang='lat' dir='ltr'>Maecenatis</span> <span class='ocrx_word' id='word_1_139' title='bbox 1184 2548 1285 2606; x_wconf 81' lang='lat' dir='ltr'>Octa·</span> 
     </span>
    </p>
   </div>
   <div class='ocr_carea' id='block_1_7' title="bbox 149 2619 1285 2705">
    <p class='ocr_par' dir='ltr' id='par_1_9' title="bbox 149 2619 1285 2705">
     <span class='ocr_line' id='line_1_22' title="bbox 149 2619 1285 2705; baseline -0.004 -9"><span class='ocrx_word' id='word_1_140' title='bbox 149 2619 158 2633; x_wconf 70' lang='grc'><strong>’</strong></span> <span class='ocrx_word' id='word_1_141' title='bbox 242 2633 316 2705; x_wconf 84' lang='lat' dir='ltr'>uid,</span> <span class='ocrx_word' id='word_1_142' title='bbox 345 2631 446 2691; x_wconf 81' lang='lat' dir='ltr'>infelix</span> <span class='ocrx_word' id='word_1_143' title='bbox 467 2631 557 2690; x_wconf 82' lang='lat' dir='ltr'>Mami</span> <span class='ocrx_word' id='word_1_144' title='bbox 578 2629 696 2689; x_wconf 77' lang='lat' dir='ltr'>Antonii</span> <span class='ocrx_word' id='word_1_145' title='bbox 725 2635 755 2688; x_wconf 87' lang='lat' dir='ltr'>et</span> <span class='ocrx_word' id='word_1_146' title='bbox 781 2629 916 2690; x_wconf 79' lang='lat' dir='ltr'>Octaviae</span> <span class='ocrx_word' id='word_1_147' title='bbox 945 2631 1149 2689; x_wconf 87' lang='lat' dir='ltr'>matrimonium</span> <span class='ocrx_word' id='word_1_148' title='bbox 1178 2631 1285 2691; x_wconf 87' lang='lat' dir='ltr'>descri-</span> 
     </span>
    </p>
   </div>
   <div class='ocr_carea' id='block_1_8' title="bbox 197 2713 1284 3132">
    <p class='ocr_par' dir='ltr' id='par_1_10' title="bbox 197 2713 1284 3132">
     <span class='ocr_line' id='line_1_23' title="bbox 242 2713 1283 2800; baseline -0.001 -24"><span class='ocrx_word' id='word_1_149' title='bbox 242 2724 328 2800; x_wconf 88' lang='lat' dir='ltr'>ptum.</span> <span class='ocrx_word' id='word_1_150' title='bbox 351 2716 396 2778; x_wconf 83' lang='lat' dir='ltr'>uel</span> <span class='ocrx_word' id='word_1_151' title='bbox 417 2736 473 2774; x_wconf 92' lang='lat' dir='ltr'>uon</span> <span class='ocrx_word' id='word_1_152' title='bbox 494 2713 632 2785; x_wconf 85' lang='lat' dir='ltr'>fabulam,</span> <span class='ocrx_word' id='word_1_153' title='bbox 654 2715 704 2773; x_wconf 87' lang='lat' dir='ltr'>sed</span> <span class='ocrx_word' id='word_1_154' title='bbox 723 2714 790 2793; x_wconf 86' lang='lat' dir='ltr'>quid</span> <span class='ocrx_word' id='word_1_155' title='bbox 810 2715 901 2773; x_wconf 86' lang='lat' dir='ltr'>aliud:</span> <span class='ocrx_word' id='word_1_156' title='bbox 929 2734 993 2773; x_wconf 86' lang='lat' dir='ltr'>nam</span> <span class='ocrx_word' id='word_1_157' title='bbox 1015 2723 1179 2775; x_wconf 86' lang='lat' dir='ltr'>constanter</span> <span class='ocrx_word' id='word_1_158' title='bbox 1199 2737 1236 2775; x_wconf 88' lang='lat' dir='ltr'>rn.</span> <span class='ocrx_word' id='word_1_159' title='bbox 1257 2737 1283 2775; x_wconf 84' lang='lat' dir='ltr'>a.</span> 
     </span>
     <span class='ocr_line' id='line_1_24' title="bbox 242 2799 1283 2872; baseline -0.002 -10"><span class='ocrx_word' id='word_1_160' title='bbox 242 2800 383 2862; x_wconf 84' lang='lat' dir='ltr'>Prisciani</span> <span class='ocrx_word' id='word_1_161' title='bbox 402 2800 451 2859; x_wconf 89' lang='lat' dir='ltr'>lib.</span> <span class='ocrx_word' id='word_1_162' title='bbox 474 2808 523 2861; x_wconf 89' lang='lat'>10.</span> <span class='ocrx_word' id='word_1_163' title='bbox 544 2800 663 2870; x_wconf 82' lang='lat' dir='ltr'>habeut,</span> <span class='ocrx_word' id='word_1_164' title='bbox 689 2799 879 2872; x_wconf 86' lang='lat' dir='ltr'>Maecenas</span> <span class='ocrx_word' id='word_1_165' title='bbox 901 2799 934 2858; x_wconf 91' lang='lat' dir='ltr'>iu</span> <span class='ocrx_word' id='word_1_166' title='bbox 957 2799 1175 2860; x_wconf 80' lang='lat' dir='ltr'>Octaviam.“</span> <span class='ocrx_word' id='word_1_167' title='bbox 1217 2802 1283 2860; x_wconf 84' lang='lat' dir='ltr'>Non</span> 
     </span>
     <span class='ocr_line' id='line_1_25' title="bbox 243 2881 1284 2965; baseline -0.003 -17"><span class='ocrx_word' id='word_1_168' title='bbox 243 2893 289 2948; x_wconf 83' lang='lat' dir='ltr'>est</span> <span class='ocrx_word' id='word_1_169' title='bbox 308 2884 474 2956; x_wconf 87' lang='lat' dir='ltr'>uerisimile,</span> <span class='ocrx_word' id='word_1_170' title='bbox 506 2883 574 2943; x_wconf 85' lang='lat' dir='ltr'>licet</span> <span class='ocrx_word' id='word_1_171' title='bbox 593 2884 688 2963; x_wconf 89' lang='lat' dir='ltr'>plures</span> <span class='ocrx_word' id='word_1_172' title='bbox 714 2882 820 2942; x_wconf 88' lang='lat' dir='ltr'>fuerint</span> <span class='ocrx_word' id='word_1_173' title='bbox 839 2884 1020 2944; x_wconf 86' lang='lat' dir='ltr'>Maecenates</span> <span class='ocrx_word' id='word_1_174' title='bbox 1048 2881 1117 2965; x_wconf 81' lang='lat' dir='ltr'>(vid.</span> <span class='ocrx_word' id='word_1_175' title='bbox 1139 2885 1284 2945; x_wconf 85' lang='lat' dir='ltr'>Meibomii</span> 
     </span>
     <span class='ocr_line' id='line_1_26' title="bbox 242 2966 1283 3049; baseline -0.004 -16"><span class='ocrx_word' id='word_1_176' title='bbox 242 2973 395 3033; x_wconf 86' lang='lat' dir='ltr'>Maecenas</span> <span class='ocrx_word' id='word_1_177' title='bbox 415 2990 443 3049; x_wconf 90' lang='lat' dir='ltr'>p.</span> <span class='ocrx_word' id='word_1_178' title='bbox 457 2975 478 3030; x_wconf 80' lang='lat'>4</span> <span class='ocrx_word' id='word_1_179' title='bbox 491 2966 582 3049; x_wconf 66' lang='lat' dir='ltr'>squ),</span> <span class='ocrx_word' id='word_1_180' title='bbox 605 2967 689 3027; x_wconf 89' lang='lat' dir='ltr'>alium</span> <span class='ocrx_word' id='word_1_181' title='bbox 709 2968 755 3028; x_wconf 88' lang='lat' dir='ltr'>hic</span> <span class='ocrx_word' id='word_1_182' title='bbox 776 2967 948 3048; x_wconf 86' lang='lat' dir='ltr'>significari,</span> <span class='ocrx_word' id='word_1_183' title='bbox 971 2977 1057 3049; x_wconf 88' lang='lat' dir='ltr'>atquc</span> <span class='ocrx_word' id='word_1_184' title='bbox 1078 2969 1182 3028; x_wconf 89' lang='lat' dir='ltr'>clarum</span> <span class='ocrx_word' id='word_1_185' title='bbox 1206 2971 1283 3030; x_wconf 88' lang='lat' dir='ltr'>illum</span> 
     </span>
     <span class='ocr_line' id='line_1_27' title="bbox 197 3048 1282 3132; baseline -0.003 -15"><span class='ocrx_word' id='word_1_186' title='bbox 197 3048 203 3060; x_wconf 76' lang='grc'><strong>’</strong></span> <span class='ocrx_word' id='word_1_187' title='bbox 243 3058 277 3117; x_wconf 74' lang='lat' dir='ltr'>(i.</span> <span class='ocrx_word' id='word_1_188' title='bbox 300 3053 434 3126; x_wconf 88' lang='lat' dir='ltr'>Cilnium,</span> <span class='ocrx_word' id='word_1_189' title='bbox 465 3053 513 3132; x_wconf 82' lang='lat' dir='ltr'>qui</span> <span class='ocrx_word' id='word_1_190' title='bbox 540 3052 646 3112; x_wconf 85' lang='lat' dir='ltr'>usitate</span> <span class='ocrx_word' id='word_1_191' title='bbox 671 3052 713 3112; x_wconf 89' lang='lat' dir='ltr'>sic</span> <span class='ocrx_word' id='word_1_192' title='bbox 740 3052 852 3112; x_wconf 90' lang='lat' dir='ltr'>dicitur.</span> <span class='ocrx_word' id='word_1_193' title='bbox 895 3054 979 3119; x_wconf 72' lang='lat' dir='ltr'>Quod</span> <span class='ocrx_word' id='word_1_194' title='bbox 1006 3061 1098 3113; x_wconf 89' lang='lat' dir='ltr'>autem</span> <span class='ocrx_word' id='word_1_195' title='bbox 1126 3055 1162 3113; x_wconf 90' lang='lat' dir='ltr'>ad</span> <span class='ocrx_word' id='word_1_196' title='bbox 1183 3055 1282 3114; x_wconf 85' lang='lat' dir='ltr'>librum</span> 
     </span>
    </p>
   </div>
   <div class='ocr_carea' id='block_1_9' title="bbox 155 3137 1281 3209">
    <p class='ocr_par' dir='ltr' id='par_1_11' title="bbox 155 3137 1281 3209">
     <span class='ocr_line' id='line_1_28' title="bbox 155 3137 1281 3209; baseline 0 -9"><span class='ocrx_word' id='word_1_197' title='bbox 155 3181 158 3190; x_wconf 84' lang='lat'>-</span> <span class='ocrx_word' id='word_1_198' title='bbox 242 3142 386 3202; x_wconf 87' lang='lat' dir='ltr'>laudatum</span> <span class='ocrx_word' id='word_1_199' title='bbox 407 3138 523 3209; x_wconf 90' lang='lat' dir='ltr'>attinet,</span> <span class='ocrx_word' id='word_1_200' title='bbox 544 3137 702 3196; x_wconf 88' lang='lat' dir='ltr'>Kordesius</span> <span class='ocrx_word' id='word_1_201' title='bbox 723 3138 760 3197; x_wconf 93' lang='lat' dir='ltr'>ad</span> <span class='ocrx_word' id='word_1_202' title='bbox 780 3137 960 3198; x_wconf 82' lang='lat' dir='ltr'>Eberhardtii</span> <span class='ocrx_word' id='word_1_203' title='bbox 981 3138 1103 3198; x_wconf 91' lang='lat' dir='ltr'>libellum</span> <span class='ocrx_word' id='word_1_204' title='bbox 1124 3139 1159 3199; x_wconf 89' lang='lat' dir='ltr'>de</span> <span class='ocrx_word' id='word_1_205' title='bbox 1180 3141 1281 3200; x_wconf 88' lang='lat' dir='ltr'>artium</span> 
     </span>
    </p>
   </div>
   <div class='ocr_carea' id='block_1_10' title="bbox 242 3221 1334 4244">
    <p class='ocr_par' dir='ltr' id='par_1_12' title="bbox 242 3221 1334 4244">
     <span class='ocr_line' id='line_1_29' title="bbox 242 3221 1281 3305; baseline -0.005 -17"><span class='ocrx_word' id='word_1_206' title='bbox 242 3223 423 3288; x_wconf 80' lang='lat' dir='ltr'>humanitatis</span> <span class='ocrx_word' id='word_1_207' title='bbox 443 3229 520 3282; x_wconf 74' lang='lat' dir='ltr'>stetu</span> <span class='ocrx_word' id='word_1_208' title='bbox 541 3242 588 3300; x_wconf 87' lang='lat' dir='ltr'>up.</span> <span class='ocrx_word' id='word_1_209' title='bbox 609 3222 691 3281; x_wconf 89' lang='lat' dir='ltr'>Rom.</span> <span class='ocrx_word' id='word_1_210' title='bbox 713 3244 741 3301; x_wconf 89' lang='lat' dir='ltr'>p.</span> <span class='ocrx_word' id='word_1_211' title='bbox 757 3228 814 3294; x_wconf 85' lang='grc'>66,</span> <span class='ocrx_word' id='word_1_212' title='bbox 845 3221 935 3281; x_wconf 84' lang='lat' dir='ltr'>Delrii</span> <span class='ocrx_word' id='word_1_213' title='bbox 957 3223 1116 3283; x_wconf 87' lang='lat' dir='ltr'>testimonio</span> <span class='ocrx_word' id='word_1_214' title='bbox 1138 3226 1281 3305; x_wconf 88' lang='lat' dir='ltr'>deceptus,</span> 
     </span>
     <span class='ocr_line' id='line_1_30' title="bbox 242 3306 1281 3389; baseline -0.005 -16"><span class='ocrx_word' id='word_1_215' title='bbox 242 3332 304 3374; x_wconf 88' lang='lat' dir='ltr'>eam</span> <span class='ocrx_word' id='word_1_216' title='bbox 329 3310 405 3369; x_wconf 87' lang='lat' dir='ltr'>illius</span> <span class='ocrx_word' id='word_1_217' title='bbox 432 3307 608 3389; x_wconf 83' lang='lat' dir='ltr'>amplectitur</span> <span class='ocrx_word' id='word_1_218' title='bbox 634 3306 810 3385; x_wconf 82' lang='lat' dir='ltr'>opinionem,</span> <span class='ocrx_word' id='word_1_219' title='bbox 843 3327 898 3386; x_wconf 89' lang='lat' dir='ltr'>qua</span> <span class='ocrx_word' id='word_1_220' title='bbox 918 3306 1041 3366; x_wconf 89' lang='lat' dir='ltr'>hicnon</span> <span class='ocrx_word' id='word_1_221' title='bbox 1062 3306 1158 3367; x_wconf 84' lang='lat' dir='ltr'>lebula</span> <span class='ocrx_word' id='word_1_222' title='bbox 1179 3309 1281 3370; x_wconf 91' lang='lat' dir='ltr'>intelli-</span> 
     </span>
     <span class='ocr_line' id='line_1_31' title="bbox 242 3390 1281 3480; baseline -0.002 -25"><span class='ocrx_word' id='word_1_223' title='bbox 242 3403 343 3480; x_wconf 71' lang='lat' dir='ltr'>getur,</span> <span class='ocrx_word' id='word_1_224' title='bbox 375 3394 443 3453; x_wconf 90' lang='lat' dir='ltr'>licet</span> <span class='ocrx_word' id='word_1_225' title='bbox 462 3391 628 3451; x_wconf 87' lang='lat' dir='ltr'>Meibomius</span> <span class='ocrx_word' id='word_1_226' title='bbox 649 3390 667 3450; x_wconf 93' lang='grc' dir='ltr'>Ι.</span> <span class='ocrx_word' id='word_1_227' title='bbox 689 3410 715 3450; x_wconf 88' lang='lat' dir='ltr'>c.</span> <span class='ocrx_word' id='word_1_228' title='bbox 737 3413 764 3470; x_wconf 95' lang='lat' dir='ltr'>p.</span> <span class='ocrx_word' id='word_1_229' title='bbox 782 3396 843 3453; x_wconf 85' lang='grc'>148</span> <span class='ocrx_word' id='word_1_230' title='bbox 871 3391 1015 3452; x_wconf 81' lang='lat' dir='ltr'>Octavium</span> <span class='ocrx_word' id='word_1_231' title='bbox 1042 3394 1218 3474; x_wconf 77' lang='lat' dir='ltr'>tragoediam</span> <span class='ocrx_word' id='word_1_232' title='bbox 1240 3394 1281 3453; x_wconf 93' lang='lat' dir='ltr'>di-</span> 
     </span>
     <span class='ocr_line' id='line_1_32' title="bbox 242 3475 1282 3558; baseline -0.006 -15"><span class='ocrx_word' id='word_1_233' title='bbox 242 3481 328 3543; x_wconf 86' lang='lat' dir='ltr'>xerit.</span> <span class='ocrx_word' id='word_1_234' title='bbox 379 3477 522 3539; x_wconf 85' lang='lat' dir='ltr'>Scriverio</span> <span class='ocrx_word' id='word_1_235' title='bbox 550 3475 725 3536; x_wconf 85' lang='lat' dir='ltr'>Maecenatis</span> <span class='ocrx_word' id='word_1_236' title='bbox 754 3476 872 3536; x_wconf 80' lang='lat' dir='ltr'>Octauia</span> <span class='ocrx_word' id='word_1_237' title='bbox 897 3495 949 3555; x_wconf 92' lang='lat' dir='ltr'>pro</span> <span class='ocrx_word' id='word_1_238' title='bbox 976 3477 1126 3558; x_wconf 79' lang='lat' dir='ltr'>tragoedia</span> <span class='ocrx_word' id='word_1_239' title='bbox 1152 3479 1282 3538; x_wconf 84' lang='lat' dir='ltr'>habenda</span> 
     </span>
     <span class='ocr_line' id='line_1_33' title="bbox 242 3559 1280 3643; baseline -0.002 -18"><span class='ocrx_word' id='word_1_240' title='bbox 242 3587 300 3628; x_wconf 91' lang='lat' dir='ltr'>non</span> <span class='ocrx_word' id='word_1_241' title='bbox 321 3563 432 3628; x_wconf 84' lang='lat' dir='ltr'>uidetur</span> <span class='ocrx_word' id='word_1_242' title='bbox 454 3568 568 3642; x_wconf 89' lang='lat' dir='ltr'>propter</span> <span class='ocrx_word' id='word_1_243' title='bbox 588 3561 679 3620; x_wconf 85' lang='lat' dir='ltr'>verbo</span> <span class='ocrx_word' id='word_1_244' title='bbox 699 3561 799 3632; x_wconf 87' lang='lat' dir='ltr'>allatu,</span> <span class='ocrx_word' id='word_1_245' title='bbox 822 3579 894 3638; x_wconf 89' lang='lat' dir='ltr'>quae</span> <span class='ocrx_word' id='word_1_246' title='bbox 912 3559 1046 3633; x_wconf 86' lang='lat' dir='ltr'>Botlrius,</span> <span class='ocrx_word' id='word_1_247' title='bbox 1069 3562 1104 3622; x_wconf 89' lang='lat' dir='ltr'>de</span> <span class='ocrx_word' id='word_1_248' title='bbox 1125 3562 1187 3643; x_wconf 87' lang='lat' dir='ltr'>ipso</span> <span class='ocrx_word' id='word_1_249' title='bbox 1209 3564 1280 3625; x_wconf 85' lang='lat' dir='ltr'>libro</span> 
     </span>
     <span class='ocr_line' id='line_1_34' title="bbox 242 3644 1280 3734; baseline -0.001 -23"><span class='ocrx_word' id='word_1_250' title='bbox 242 3656 356 3734; x_wconf 76' lang='lat' dir='ltr'>praeter</span> <span class='ocrx_word' id='word_1_251' title='bbox 375 3647 466 3708; x_wconf 84' lang='lat' dir='ltr'>Delrii</span> <span class='ocrx_word' id='word_1_252' title='bbox 487 3653 517 3706; x_wconf 90' lang='lat' dir='ltr'>et</span> <span class='ocrx_word' id='word_1_253' title='bbox 538 3644 674 3707; x_wconf 87' lang='lat' dir='ltr'>Scriverii</span> <span class='ocrx_word' id='word_1_254' title='bbox 702 3645 849 3723; x_wconf 90' lang='lat' dir='ltr'>opiniones</span> <span class='ocrx_word' id='word_1_255' title='bbox 870 3645 938 3705; x_wconf 86' lang='lat' dir='ltr'>nihil</span> <span class='ocrx_word' id='word_1_256' title='bbox 958 3645 1123 3726; x_wconf 87' lang='lat' dir='ltr'>proferens,</span> <span class='ocrx_word' id='word_1_257' title='bbox 1155 3649 1197 3709; x_wconf 90' lang='lat' dir='ltr'>sic</span> <span class='ocrx_word' id='word_1_258' title='bbox 1218 3669 1280 3710; x_wconf 86' lang='lat' dir='ltr'>cor·</span> 
     </span>
     <span class='ocr_line' id='line_1_35' title="bbox 242 3729 1281 3817; baseline 0.001 -23"><span class='ocrx_word' id='word_1_259' title='bbox 242 3734 364 3817; x_wconf 75' lang='lat' dir='ltr'>rigenda</span> <span class='ocrx_word' id='word_1_260' title='bbox 390 3738 486 3812; x_wconf 85' lang='lat' dir='ltr'>putat:</span> <span class='ocrx_word' id='word_1_261' title='bbox 520 3729 630 3790; x_wconf 83' lang='lat' dir='ltr'>Pexti</span> <span class='ocrx_word' id='word_1_262' title='bbox 657 3729 824 3808; x_wconf 91' lang='lat' dir='ltr'>capillum</span> <span class='ocrx_word' id='word_1_263' title='bbox 853 3731 998 3791; x_wconf 87' lang='lat' dir='ltr'>naturai</span> <span class='ocrx_word' id='word_1_264' title='bbox 1026 3753 1169 3792; x_wconf 89' lang='lat' dir='ltr'>munere</span> <span class='ocrx_word' id='word_1_265' title='bbox 1197 3736 1281 3795; x_wconf 82' lang='lat' dir='ltr'>Gra·</span> 
     </span>
     <span class='ocr_line' id='line_1_36' title="bbox 242 3813 1280 3897; baseline -0.005 -16"><span class='ocrx_word' id='word_1_266' title='bbox 242 3828 321 3881; x_wconf 90' lang='lat' dir='ltr'>tunr.</span> <span class='ocrx_word' id='word_1_267' title='bbox 364 3818 396 3876; x_wconf 93' lang='lat' dir='ltr'>lu</span> <span class='ocrx_word' id='word_1_268' title='bbox 424 3813 546 3875; x_wconf 78' lang='lat' dir='ltr'>subulam</span> <span class='ocrx_word' id='word_1_269' title='bbox 573 3814 732 3875; x_wconf 77' lang='lat' dir='ltr'>scaenicum</span> <span class='ocrx_word' id='word_1_270' title='bbox 751 3813 839 3875; x_wconf 74' lang='lat' dir='ltr'>verbe</span> <span class='ocrx_word' id='word_1_271' title='bbox 865 3815 980 3875; x_wconf 88' lang='lat' dir='ltr'>laudato</span> <span class='ocrx_word' id='word_1_272' title='bbox 1007 3817 1112 3896; x_wconf 91' lang='lat' dir='ltr'>optime</span> <span class='ocrx_word' id='word_1_273' title='bbox 1132 3820 1280 3897; x_wconf 85' lang='lat' dir='ltr'>quadrent,</span> 
     </span>
     <span class='ocr_line' id='line_1_37' title="bbox 243 3896 1281 3985; baseline -0.001 -21"><span class='ocrx_word' id='word_1_274' title='bbox 243 3922 382 3985; x_wconf 78' lang='lat' dir='ltr'>quumque</span> <span class='ocrx_word' id='word_1_275' title='bbox 397 3899 547 3961; x_wconf 80' lang='lat' dir='ltr'>Octauia</span> <span class='ocrx_word' id='word_1_276' title='bbox 567 3918 624 3959; x_wconf 90' lang='lat' dir='ltr'>nou</span> <span class='ocrx_word' id='word_1_277' title='bbox 645 3898 736 3958; x_wconf 89' lang='lat' dir='ltr'>miuus</span> <span class='ocrx_word' id='word_1_278' title='bbox 757 3896 842 3959; x_wconf 86' lang='lat' dir='ltr'>facile</span> <span class='ocrx_word' id='word_1_279' title='bbox 862 3898 891 3958; x_wconf 93' lang='lat' dir='ltr'>in</span> <span class='ocrx_word' id='word_1_280' title='bbox 908 3899 1107 3975; x_wconf 80' lang='lat' dir='ltr'>Octauiam,</span> <span class='ocrx_word' id='word_1_281' title='bbox 1128 3921 1209 3980; x_wconf 83' lang='lat' dir='ltr'>quam</span> <span class='ocrx_word' id='word_1_282' title='bbox 1227 3905 1281 3963; x_wconf 88' lang='lat' dir='ltr'>hoc</span> 
     </span>
     <span class='ocr_line' id='line_1_38' title="bbox 243 3983 1334 4065; baseline -0.003 -14"><span class='ocrx_word' id='word_1_283' title='bbox 243 3991 272 4051; x_wconf 94' lang='lat' dir='ltr'>iu</span> <span class='ocrx_word' id='word_1_284' title='bbox 295 3988 363 4049; x_wconf 92' lang='lat' dir='ltr'>illud</span> <span class='ocrx_word' id='word_1_285' title='bbox 380 3983 482 4044; x_wconf 85' lang='lat' dir='ltr'>mutari</span> <span class='ocrx_word' id='word_1_286' title='bbox 501 3983 629 4064; x_wconf 85' lang='lat' dir='ltr'>potuisse</span> <span class='ocrx_word' id='word_1_287' title='bbox 655 3983 799 4055; x_wconf 87' lang='lat' dir='ltr'>uideatur,</span> <span class='ocrx_word' id='word_1_288' title='bbox 831 3988 861 4043; x_wconf 88' lang='lat' dir='ltr'>et</span> <span class='ocrx_word' id='word_1_289' title='bbox 880 4003 932 4063; x_wconf 90' lang='lat' dir='ltr'>per</span> <span class='ocrx_word' id='word_1_290' title='bbox 952 4005 985 4044; x_wconf 89' lang='lat' dir='ltr'>se</span> <span class='ocrx_word' id='word_1_291' title='bbox 1008 4005 1119 4065; x_wconf 85' lang='lat' dir='ltr'>quoque</span> <span class='ocrx_word' id='word_1_292' title='bbox 1144 3987 1281 4049; x_wconf 84' lang='lat' dir='ltr'>verisimi·</span> <span class='ocrx_word' id='word_1_293' title='bbox 1332 4041 1334 4048; x_wconf 81' lang='grc'>,</span> 
     </span>
     <span class='ocr_line' id='line_1_39' title="bbox 242 4065 1281 4151; baseline -0.007 -15"><span class='ocrx_word' id='word_1_294' title='bbox 242 4075 298 4136; x_wconf 86' lang='lat' dir='ltr'>lius</span> <span class='ocrx_word' id='word_1_295' title='bbox 316 4073 369 4145; x_wconf 85' lang='lat' dir='ltr'>sit,</span> <span class='ocrx_word' id='word_1_296' title='bbox 390 4070 583 4130; x_wconf 73' lang='lat' dir='ltr'>Maecenatem</span> <span class='ocrx_word' id='word_1_297' title='bbox 599 4068 743 4129; x_wconf 81' lang='lat' dir='ltr'>Octauiam</span> <span class='ocrx_word' id='word_1_298' title='bbox 757 4065 879 4127; x_wconf 83' lang='lat' dir='ltr'>fabulam</span> <span class='ocrx_word' id='word_1_299' title='bbox 895 4069 1057 4149; x_wconf 87' lang='lat' dir='ltr'>scripsisse,</span> <span class='ocrx_word' id='word_1_300' title='bbox 1081 4091 1176 4150; x_wconf 87' lang='lat' dir='ltr'>quom,</span> <span class='ocrx_word' id='word_1_301' title='bbox 1199 4092 1281 4151; x_wconf 89' lang='lat' dir='ltr'>quum</span> 
     </span>
     <span class='ocr_line' id='line_1_40' title="bbox 243 4152 1281 4244; baseline -0.001 -25"><span class='ocrx_word' id='word_1_302' title='bbox 243 4156 408 4244; x_wconf 85' lang='lat' dir='ltr'>pracsertim</span> <span class='ocrx_word' id='word_1_303' title='bbox 436 4153 465 4215; x_wconf 91' lang='lat' dir='ltr'>id</span> <span class='ocrx_word' id='word_1_304' title='bbox 492 4173 594 4215; x_wconf 89' lang='lat' dir='ltr'>nomen</span> <span class='ocrx_word' id='word_1_305' title='bbox 616 4160 732 4236; x_wconf 77' lang='lat' dir='ltr'>gereret</span> <span class='ocrx_word' id='word_1_306' title='bbox 751 4152 875 4234; x_wconf 76' lang='lat' dir='ltr'>Augusti</span> <span class='ocrx_word' id='word_1_307' title='bbox 896 4173 993 4227; x_wconf 86' lang='lat' dir='ltr'>soror,</span> <span class='ocrx_word' id='word_1_308' title='bbox 1021 4155 1125 4234; x_wconf 79' lang='lat' dir='ltr'>aliquid</span> <span class='ocrx_word' id='word_1_309' title='bbox 1147 4157 1175 4217; x_wconf 95' lang='lat' dir='ltr'>in</span> <span class='ocrx_word' id='word_1_310' title='bbox 1197 4157 1281 4218; x_wconf 81' lang='lat' dir='ltr'>(lctu-</span> 
     </span>
    </p>
   </div>
   <div class='ocr_carea' id='block_1_11' title="bbox 0 0 1470 4842">
    <p class='ocr_par' dir='ltr' id='par_1_13' title="bbox 0 0 1470 4842">
     <span class='ocr_line' id='line_1_41' title="bbox 0 0 1470 4842; baseline 0 2"><span class='ocrx_word' id='word_1_311' title='bbox 0 0 1470 4842; x_wconf 95' lang='lat' dir='ltr'> </span> 
     </span>
    </p>
   </div>
  </div>
 </body>
</html>
