2940 4838
1113 361 1197 438 nur

203 540 302 619 nuru
319 532 416 611 fatuo
430 537 507 611 ost?
523 494 608 633 qum
623 529 713 613 fldst
732 538 817 633 qno
830 529 1195 632 innocentorum

201 640 437 734 Proloquere.
448 649 472 686 ‘⁶
497 683 548 693 —-

148 757 256 820 istuc.
291 759 362 818 Ven.
391 759 413 818 l.
440 759 475 818 ll.
510 756 577 819 Pur.
605 753 712 819 istud.
745 789 787 803 -
819 755 1044 838 Proloquere
1075 755 1193 818 Bntlrins

149 845 259 918 omisit,
286 843 426 916 fortusse,
456 852 488 904 ut
509 844 627 916 tacitus,
656 844 697 904 itu
718 843 887 924 imprudens.

640 993 702 1054 vn.

235 1113 380 1172 Charisius
407 1112 442 1172 ll.
470 1134 497 1192 p.
519 1116 578 1176 180
607 1133 652 1192 up.
679 1111 810 1170 Putsclr.:
848 1111 985 1184 „llicet
1018 1132 1070 1191 pro
1106 1131 1190 1174 nunc.

148 1195 284 1258 Afranius
305 1198 333 1256 in
356 1198 532 1270 materteris,
562 1217 645 1276 quum
674 1197 736 1276 quis
758 1195 867 1256 bulbum
894 1197 1111 1276 supramodum
1133 1197 1190 1258 dis·

150 1303 250 1342 serere
271 1290 430 1371 conantem
441 1283 589 1342 loudoret:
1187 1293 1193 1304 ’

597 1407 648 1418 -
672 1365 735 1438 An
760 1371 799 1434 tu
826 1365 996 1456 eloquens
1022 1362 1141 1436 ssicetl

151 1483 262 1554 idest,
285 1483 392 1554 subito,
415 1484 661 1562 nntextemplo.“
704 1483 798 1564 Vulgo
819 1480 890 1540 mule
911 1481 1031 1564 legitur:
1059 1483 1190 1554 „Mour-

151 1569 239 1628 tcris:
272 1569 380 1634 Quum
409 1567 439 1627 ir
460 1569 603 1627 Bulbum
633 1585 744 1647 supro
773 1567 904 1625 modum
930 1567 1116 1627 disserere
1135 1583 1190 1628 ce·

151 1659 294 1712 nentem
314 1652 497 1724 loudoret,
525 1673 566 1712 en
589 1660 625 1711 tn
647 1653 819 1730 eloquens
840 1650 985 1722 ἰΙῑιιιῑκι
1006 1653 1085 1730 quusi
1102 1653 1190 1714 verit

151 1738 260 1803 Quum
287 1737 316 1795 is
343 1771 384 1782 -
413 1738 514 1796 ilicet
535 1737 628 1796 omnis
648 1735 758 1795 Afranii
779 1737 850 1807 sint,
878 1735 907 1793 in
929 1735 1007 1795 cuius
1028 1735 1190 1818 fragmenta

151 1821 236 1882 etiem
265 1823 425 1900 Stephanus
456 1842 491 1880 en
519 1821 624 1880 retulit.
667 1820 802 1880 Correxit
828 1821 918 1879 locum
943 1821 1070 1880 Bodrius.
1113 1821 1190 1881 Nihil

151 1915 245 1966 nutem
281 1907 354 1965 inest
388 1907 478 1965 lundis
506 1906 533 1966 in
560 1905 670 1965 Afranii
698 1904 806 1976 verbis,
838 1906 912 1983 quod
937 1905 998 1965 vult
1027 1905 1188 1984 Sosipater3
1262 1903 1268 1942 ¹

150 1990 207 2050 nisi
229 1991 291 2070 quis
313 1991 488 2050 scribendum
510 1991 652 2050 existimet
677 1990 740 2049 Ah!
770 1996 807 2049 tu
829 1990 1004 2067 eloquens
1024 1990 1137 2051 ilicet.

633 2124 709 2184 Vlll.

235 2243 338 2302 Festus
359 2263 386 2304 v.
407 2241 532 2314 Nonio,
554 2243 668 2323 Frngm.
691 2247 749 2320 pt
772 2241 816 2300 ed.
839 2241 957 2300 Decem:
984 2239 1122 2316 „Nonis
1142 2250 1188 2304 est
1252 2287 1257 2304 .

150 2345 278 2399 corner,
311 2327 385 2406 quod
413 2328 442 2386 in
469 2326 568 2386 funere
594 2326 725 2385 laudandi
751 2325 848 2406 gratis
869 2331 1000 2384 coutetur
1024 2328 1061 2388 od
1081 2325 1187 2390 ollem.
1274 2379 1277 2390 .
1314 2325 1324 2335 ”

153 2408 253 2492 (Quod
275 2413 439 2472 vocobulum
460 2411 608 2488 Afrolnius
630 2411 658 2470 in
679 2409 856 2490 Mu(terteris
877 2409 985 2489 posuit:

194 2513 339 2572 Neniom
361 2521 475 2572 nutem
497 2513 592 2572 inter
613 2509 827 2590 exselquios
849 2507 1146 2592 conti(tnbunt.)“

152 2613 287 2672 Lueunes
317 2614 467 2691 explerunt
497 2614 629 2673 editores.
686 2613 829 2672 Nonium
859 2619 973 2672 autem
1004 2613 1101 2673 inter
1130 2621 1185 2676 ctu.

151 2697 201 2756 Sic
222 2698 301 2757 Fulr.
323 2699 451 2757 Ursinus.
495 2699 626 2778 Scaliger
654 2697 818 2757 Naeuium
846 2697 943 2756 iuter
970 2707 1025 2757 etc.
1066 2699 1186 2760 Bothius
1212 2723 1215 2731 ’

151 2781 301 2841 Nonium
323 2789 437 2841 nutem
459 2783 691 2842 contitubunt
711 2783 807 2841 inter
828 2782 1030 2860 exsequier.
1073 2783 1185 2843 Trans-

151 2866 293 2945 positione
314 2887 425 2940 eorum,
458 2887 530 2946 quoe
552 2889 607 2926 non
631 2868 705 2925 delet
744 2865 873 2938 fuerunt,
903 2885 986 2944 quum
1006 2867 1124 2927 lacunae
1144 2867 1187 2928 t'o·

152 2951 205 3010 oile
228 2952 283 3010 olio
303 2951 413 3011 ratione
435 2953 542 3030 expleri
563 2951 687 3031 possint,
706 2887 901 3030 iistinendum
922 2951 1041 3011 videtur.
1068 2953 1186 3012 Versum

151 3035 192 3094 sic
214 3033 308 3095 sunere
330 3037 436 3114 possis:

201 3119 293 3189 Illae
319 3123 439 3191 utitem
465 3120 607 3191 neniam
632 3119 727 3190 inter
751 3120 944 3212 exsequias
968 3111 1152 3192 cdntitunt.

234 3322 455 3381 Materterae
481 3322 551 3380 hoec
578 3319 674 3380 fabule
700 3320 834 3400 inscripta
860 3319 949 3380 fuisse
970 3319 1096 3393 videtur,
1126 3341 1184 3381 non

150 3405 364 3477 Mutertcre,
386 3414 419 3464 ut
439 3406 606 3465 concludere
625 3405 692 3464 licet
712 3425 749 3464 ex
765 3405 866 3486 fragm.
883 3406 918 3464 ll.
947 3405 1080 3464 Pluribus
1101 3406 1186 3466 etiem

151 3489 221 3549 locis
242 3490 452 3550 Materteris
473 3491 593 3572 legitur,
620 3509 701 3568 quom
722 3491 929 3550 Matertero.
972 3491 1095 3550 Eundem
1116 3491 1185 3551 scri·

151 3582 250 3653 pturue
273 3576 435 3636 varietatem
457 3594 520 3634 esse
541 3575 615 3653 opud
635 3576 729 3634 Attum
735 3617 745 3648 ,
778 3594 865 3656 supro
883 3574 1010 3636 vidimus.

446 3851 891 3920 MEGALENSM.

235 3993 342 4052 Nonius
363 3998 462 4074 poto
485 3996 528 4056 ed.
549 3995 654 4054 llere:
683 3993 867 4066 „sonitem
908 3991 1102 4055 Afranianis
1124 3993 1186 4054 lto·

154 4078 332 4159 galensibus:
695 4105 700 4112 ι

195 4163 342 4237 Adesto,
366 4162 543 4234 assentio,
567 4172 601 4222 te
622 4183 737 4234 emere
758 4182 821 4233 me,
843 4163 996 4222 odorere
1017 4161 1184 4222 reniter.“

874 4259 942 4323 15·
