2932 4842
258 385 336 460 158

258 567 396 620 nostro.
426 559 494 619 Bas.
516 580 533 620 e
554 567 692 621 nostra.
722 561 793 620 Ven.
816 559 851 621 ll.
881 563 949 621 Par.
971 581 989 620 a
1011 568 1146 622 nostro.
1180 561 1251 621 Ven.
1274 562 1296 620 l.

257 647 346 706 llere.
367 646 453 705 Both.
473 652 614 718 nostro,
642 647 717 724 qood
737 646 833 708 versui
854 667 910 706 non
933 645 1054 718 sufficit3
1082 646 1137 706 nisi
1158 665 1222 706 cum
1242 647 1298 705 Bo·

258 731 494 883 tqhipropqqpperis
516 730 696 810 Quumque
717 752 770 813 pro
791 732 911 799 Quum.
955 733 1141 792 Praetulerim
1172 732 1298 811 equidem

754 951 790 1010 ll.

342 1065 451 1126 Nonius
471 1088 500 1146 p.
513 1073 576 1129 139
596 1066 642 1128 ed.
662 1065 768 1127 llere-r
799 1067 1025 1150 „,lluginari
1053 1087 1236 1130 murmursre.
1257 1099 1299 1114 -

181 1185 186 1194 ·
257 1153 327 1212 Aoo
347 1152 375 1211 in
396 1152 488 1231 Aquis
506 1151 611 1214 catus:

562 1278 614 1288 -
639 1236 765 1357 Atque
791 1236 898 1306 ctiam
923 1237 1154 1329 maginantor
1178 1237 1297 1308 hodie.

307 1339 431 1431 Atque
457 1361 526 1431 ego
552 1329 742 1410 occlusero
768 1337 1019 1408 fontcm-
927 1343 949 1379 ‘⁶

258 1459 352 1517 stra
379 1455 956 1534 Ald.acta-1nsqurrcatdu
988 1455 1061 1515 cod.
1090 1456 1209 1536 Guelplr.
1241 1455 1299 1536 qui

258 1542 401 1601 scaldis.
433 1541 504 1601 Ven.
526 1542 548 1600 l.
564 1540 599 1600 ll.
626 1540 695 1600 Par.
716 1541 780 1599 Ald.
802 1540 883 1618 quis
903 1539 1027 1601 callis.
1049 1573 1091 1586 -
1111 1539 1219 1600 etiam
1240 1541 1300 1599 llo·

169 1673 172 1678 .
259 1628 344 1686 tirius.
381 1627 453 1685 coel.
483 1619 603 1704 Guelpln.
636 1626 706 1684 Van.
729 1627 750 1684 Ι.
772 1626 808 1684 ll.
836 1633 903 1684 eta.
937 1625 1001 1685 Aru.
1022 1626 1111 1686 llere.
1134 1626 1200 1685 cic.
1231 1626 1300 1688 llus.

258 1713 327 1772 lua.
348 1731 398 1770 ea.
428 1711 496 1770 lua.
517 1731 607 1791 marg.
629 1710 690 1769 ita.
732 1711 800 1770 Par.
822 1717 878 1768 n'on
898 1707 997 1770 labet,
1024 1743 1068 1758 --
1094 1731 1164 1791 ego
1184 1711 1302 1770 occlu·
1398 1757 1401 1762 .

258 1813 344 1856 sero*
360 1793 507 1856 iontem.
527 1797 600 1855 Cau.
627 1795 749 1874 Gualplr.
781 1811 880 1876 ego.0
898 1795 1044 1855 culsero
1065 1793 1299 1855 foutcn.·Al‹l.

258 1883 325 1942 Bai.
364 1901 434 1963 ogo
465 1881 658 1940 occlusaro
686 1881 792 1940 fonte
822 1899 883 1939 ma.
927 1881 1016 1940 llere.
1053 1897 1122 1962 ego
1155 1881 1300 1940 clusano

258 1967 401 2027 fontem.
445 1967 544 2038 Batia,
571 1985 683 2027 versum
704 1965 787 2024 iamb.
809 1971 876 2024 tctr.
898 1972 954 2024 cat.
976 1964 1101 2036 luleus,
1130 1985 1197 2046 ego
1224 1963 1301 2024 fon-

259 2050 326 2112 tem
358 2052 557 2112 occlusero.
606 2049 682 2110 idern
707 2052 796 2111 verba
821 2049 918 2110 divisit
948 2050 1024 2109 lotar
1051 2051 1121 2110 duas
1148 2069 1301 2130 percontor

259 2138 335 2218 quod
354 2137 421 2196 milri
441 2135 631 2196 necessarium
652 2156 709 2194 aon
730 2136 850 2196 videtin.
877 2166 920 2178 -
951 2135 1034 2215 Apud
1055 2136 1228 2215 Stephanum
1255 2135 1302 2195 hic

258 2225 338 2282 locus
370 2242 426 2281 non
457 2221 606 2301 reperitur·
634 2255 677 2264 -
706 2220 946 2302 Muginantur
974 2220 1086 2280 ridetur
1113 2220 1208 2300 potius
1237 2239 1301 2278 mo-

259 2309 490 2390 ranturapusl
515 2307 612 2366 Attea
633 2304 814 2387 significare,
843 2323 926 2383 quam
951 2311 1175 2366 murmurant.
1206 2305 1300 2364 'Vidd.

344 2580 464 2657 Aquae
486 2576 609 2636 caldae
631 2575 728 2633 titulus
749 2575 846 2657 arguit
867 2575 1014 2654 oppidum,
1036 2575 1242 2654 quo‘homioes
1261 2575 1301 2633 la·

259 2663 382 2725 vationis
407 2662 503 2742 gratia
529 2661 680 2721 convenire
714 2660 837 2732 soleant3
873 2659 957 2737 idque
985 2659 1132 2719 confirmat
1158 2661 1302 2739 posterius

259 2751 463 2830 fragmentum,
486 2746 561 2823 quod
581 2746 654 2804 haud
677 2745 761 2804 dubie
783 2751 828 2802 est
849 2764 983 2822 aquarum
1005 2743 1143 2825 magistri.
1176 2745 1221 2803 Cl'.
1237 2745 1302 2802 llis·

260 2844 329 2894 sert
351 2834 386 2891 de
407 2831 464 2890 fuir.
487 2837 548 2912 tog.
568 2829 628 2887 Vll.
673 2831 753 2894 (luae
774 2830 869 2909 priore
889 2829 953 2888 loco
976 2830 1158 2900 exhibentur,
1182 2848 1217 2888 ea
1238 2847 1303 2888 esse

259 2927 329 3001 puto
350 2923 513 2987 matronae,-
542 2914 732 2995 indignantis,
759 2915 804 2976 hic
827 2934 899 2986 aon,
930 2921 963 2972 ut
984 2914 1109 2985 Romae,
1140 2915 1303 2973 meretrices

260 3003 400 3103 propriam
421 3021 500 3060 suam
522 3008 643 3071 vestem,
672 3006 783 3082 togam,
812 3006 942 3080 gestare,
973 3000 1040 3070 sed,
1076 3006 1108 3058 ut
1127 2999 1219 3058 inter
1217 3018 1303 3078 pere·

260 3091 362 3172 grinon
379 3079 557 3146 honestiores
579 3088 750 3164 appareant,
772 3083 969 3172 feminarum
960 3103 1166 3167 ingenuarum,
1190 3085 1302 3190 stolum,

261 3175 308 3236 Cf
330 3173 441 3234 Afranii
461 3171 584 3294 Excepti
604 3168 708 3272 fragm.
729 3169 793 3228 XV.

670 3355 899 3368 moun—m

522 3477 1048 3572 conornrsnarm

290 3651 295 3662 ’
347 3648 456 3712 Gellius
477 3645 538 3706 Vll.
562 3653 596 3708 9:
620 3643 714 3724 „Atta
736 3643 764 3701 io
786 3640 1001 3702 Conciliatrice:

536 3789 587 3802 *-
612 3748 746 3824 Ursum
771 3735 818 3816 se'v
839 3745 1075 3836 memordisse
1099 3744 1307 3816 autumat-‘⁶

264 3869 309 3932 ct
331 3867 486 3928 Aediliciao
505 3864 609 3948 fragm.
631 3866 653 3924 l.
675 3897 718 3910 -·
744 3863 830 3921 Arra
851 3862 915 3920 lilri
940 3881 1006 3922 mss.
1029 3862 1149 3922 testibus
1170 3861 1309 3922 Carrinas

263 3957 424 4016 emendati.
447 3953 468 4011 l.
493 3958 534 4012 14
556 3959 586 4011 et
607 3948 763 4010 Gronovio.
805 3947 876 4005 lldd.
899 3954 968 4007 vett.
991 3947 1134 4007 Accius.
1156 3979 1199 3994 ›-
1221 3947 1309 4004 Con-

263 4039 459 4103 ciliatrice.
498 4037 556 4096 Pro
589 4056 624 4094 ao
657 4035 724 4093 olins
753 4033 838 4092 etiarn
864 4032 1119 4092 Conciliatore
1149 4032 1308 4112 legebatur.

263 4127 350 4186 utor,
369 4123 524 4204 Ghndarp.
547 4122 693 4180 omar.
715 4139 742 4178 r.
760 4117 921 4188 ursatii,
944 4118 1048 4178 curalo
1060 4118 1080 4176 1.
1095 4118 1114 4176 l.
1136 4149 1178 4164 -
1200 4114 1310 4175 Nonius

264 4233 292 4292 p.
312 4218 381 4272 m
401 4207 449 4270 etl.
474 4207 594 4266 Meroe·
621 4203 829 4277 „lietardi
861 4202 1022 4281 poposci,
1041 4201 1204 4282 pcpngl,
1233 4219 1311 4280 ‘spe-
