2938 4848
1145 319 1269 457 ill¹

148 561 189 621 nit
211 559 276 621 inde
297 566 414 620 ruentes
440 579 527 639 equos
549 556 682 638 virosque
708 557 864 637 improvida
883 555 989 638 fugu.“
1031 558 1090 616 Sed
1111 557 1189 618 dubi·

148 646 261 705 tandum
282 644 408 718 videtur,
440 665 504 704 num
526 644 595 704 tolie
615 650 700 725 potita
721 643 826 702 dixerit
846 647 986 721 portenta.
1035 643 1189 705 Traxerim

148 730 241 811 potius
262 730 316 788 buc
336 730 401 790 Liv.
424 729 497 787 llist.
510 729 548 788 X.
566 737 621 790 27:
655 730 772 800 „Quum
794 727 949 786 instructae
971 725 1048 788 acies
1068 734 1187 804 starent,

148 834 231 877 cerva
252 813 367 896 fugiens
388 814 481 893 lupum
504 834 520 872 e
543 813 682 872 montibus
704 821 806 873 exacto
823 832 873 891 per
895 831 1008 890 campos
1029 812 1104 871 inter
1117 813 1188 872 duas

147 899 224 960 acies
252 900 391 971 decurrit3
424 897 489 956 inde
516 898 645 958 diversae
666 897 760 969 ferae,
793 917 877 956 cerva
904 886 941 955 ad
963 895 1075 968 Gallos,
1106 896 1188 976 lupus

147 985 183 1043 ad
211 985 355 1042 Romanos
384 1002 496 1042 cursum
522 979 647 1042 deflexit.
690 981 773 1062 Lupo
802 982 867 1041 data
884 981 969 1057 ‘inter
995 982 1108 1040 ordines
1132 983 1187 1056 via,

146 1087 257 1129 cervam
285 1068 360 1128 Galli
391 1065 546 1127 confixere.
595 1069 672 1126 Tum
694 1087 730 1126 ex
753 1066 949 1146 antesignanis
970 1065 1066 1125 miles:
1099 1066 1188 1127 llluc

145 1151 248 1234 iugo,
281 1152 385 1231 inquit,
419 1159 456 1210 et
483 1153 610 1212 caedes
638 1153 767 1223 vertit,
800 1151 859 1209 ubi
886 1169 1021 1209 sacram
1047 1150 1187 1212 Dianae

147 1235 258 1296 lerum
279 1237 455 1297 iacentem
477 1237 626 1306 videtis3
654 1237 736 1295 binc
757 1237 879 1297 victor
899 1235 1053 1293 Martius
1074 1235 1187 1315 lupus,

146 1322 295 1403 integer
326 1329 361 1380 et
388 1321 564 1394 intactus,
596 1322 722 1402 gentis
744 1341 807 1380 uos
828 1319 986 1378 Martiae
1014 1327 1051 1378 et
1070 1320 1187 1379 condi-

148 1407 241 1466 toris
266 1405 386 1466 nostri
412 1405 631 1465 admonuit.“

643 1591 694 1653 lX.

230 1707 339 1767 Nonius
367 1730 394 1788 p.
412 1716 452 1771 98
481 1709 526 1769 ed.
549 1703 653 1770 llere:
683 1707 909 1782 ·„l)evorare,
941 1710 1103 1784 absumere,
1135 1713 1189 1772 eri·

146 1813 224 1873 pere.
267 1794 362 1852 Attius
384 1793 412 1851 iu
429 1794 591 1853 Aeneadis:
857 1863 859 1870 Ι
1021 1835 1023 1842 ·
1133 1842 1136 1854 .

187 1877 314 1936 Patrio
337 1879 498 1956 exemplo
528 1885 562 1937 et
582 1896 632 1938 me
658 1876 803 1949 dicabo,
835 1882 942 1956 utque
963 1878 1112 1940 animam
1134 1881 1186 1941 de·

186 1962 325 2023 vorabo
352 1963 556 2022 bostibus.“

146 2052 182 2105 et
201 2066 252 2105 me
273 2047 414 2107 dicabo.
457 2047 525 2106 Par.
548 2053 584 2107 te
604 2047 800 2106 medicabo.
822 2079 864 2092 --
886 2047 1077 2108 devorabo.
1113 2049 1184 2110 cod.

146 2130 265 2210 Guelpb.
288 2132 431 2190 devoro.
463 2165 505 2176 -
537 2131 669 2213 Scaliger
695 2132 731 2190 ad
753 2131 836 2191 Varr.
860 2131 895 2190 de
915 2130 951 2191 1..
973 2132 1008 2190 L.
1032 2131 1182 2214 lv.p.,41

122 2215 189 2278 .cd.
211 2216 274 2294 Bip.
298 2224 327 2274 et
348 2217 475 2276 Delrius:
508 2217 637 2275 Patrio
669 2216 832 2294 exemplo
865 2237 914 2274 me
942 2215 1082 2276 dicabo:
1114 2219 1185 2278 ani·

144 2319 230 2358 mam
260 2301 439 2361 devorabo
466 2301 646 2361 hostibus.
689 2301 822 2370 Vossius,
845 2301 1020 2359 auscultante
1041 2302 1184 2362 Kordesio
1261 2309 1263 2314 ’

145 2385 181 2442 ud
203 2385 380 2443 Eberlnardtii
401 2384 522 2444 libellum
545 2387 579 2450 de
608 2385 708 2445 artium
730 2385 910 2445 humanitatis
937 2392 1013 2444 statu
1035 2407 1078 2466 ap.
1101 2388 1184 2447 Rom.

143 2476 241 2547 p-63:
272 2470 398 2528 Patrio
421 2471 592 2549 Exemplo
616 2469 740 2530 dicabo
764 2490 828 2540 me,
865 2477 972 2550 atque
993 2491 1019 2530 a.
1042 2472 1184 2532 devotu-

145 2552 185 2611 bo
215 2554 243 2612 b.
293 2554 369 2612 ldem
391 2555 419 2612 in
441 2555 560 2632 Etymol.
583 2576 610 2617 v.
633 2555 767 2614 Voveo:
798 2555 924 2613 Patrio
957 2557 1117 2634 exemplo
1148 2564 1185 2616 et

87 2654 99 2693 .’
144 2637 361 2710 medicabo,
384 2647 488 2717 atque
511 2661 537 2698 a.
561 2639 735 2700 devotabo
757 2640 785 2698 h.
827 2639 1097 2712 PerindeBothius,
1119 2662 1183 2702 ver·

144 2742 204 2781 sum
222 2743 274 2802 pro
296 2730 459 2802 asynarteto
474 2724 595 2796 babens,
617 2723 771 2803 composito
794 2744 831 2784 cx
852 2725 941 2784 trocb.
964 2725 1027 2784 dim.
1050 2734 1080 2786 et
1100 2726 1184 2788 iamb.

144 2807 210 2865 dim.
232 2805 279 2866 lo.
302 2809 442 2867 Cauchius
472 2809 556 2868 etiarn
585 2810 658 2888 apud
686 2809 807 2868 Nonium
833 2809 983 2870 restituere
1011 2811 1101 2869 voluit
1120 2813 1183 2873 De·

144 2897 273 2951 votare
294 2912 345 2970 pro
368 2893 563 2955 Devorare.
617 2894 674 2953 Sed
701 2893 811 2954 videtur
832 2893 926 2972 potius
947 2895 1099 2960 Marcellus
1125 2903 1182 2969 aut,

145 2980 177 3034 ut
198 2975 240 3034 ait
260 2977 347 3036 lladr.
365 2977 482 3049 Junius,
510 2978 698 3058 caligantibus
721 2978 808 3037 oculis
829 2978 950 3058 legisse,
978 2987 1028 3038 aut
1049 2988 1182 3060 corrupto

145 3061 298 3139 exemplari
326 3081 393 3121 usus
421 3082 493 3122 esse.
542 3063 643 3122 Veram
664 3062 813 3122 lectionem
835 3069 927 3121 autern
947 3063 1037 3123 latere
1059 3065 1182 3125 arbitror

144 3144 174 3203 in
195 3165 247 3217 eo,
269 3147 343 3224 quod
364 3145 449 3206 offert
470 3147 532 3206 cod.
557 3149 690 3228 Gnelph.,
719 3166 885 3226 versumque
906 3147 1108 3208 restituendum
1128 3151 1183 3210 boc
1226 3191 1228 3195 -

144 3229 243 3288 modo:

194 3312 320 3386 Patrio
354 3317 520 3408 exemplo
554 3323 589 3388 et
617 3318 673 3387 me
699 3316 848 3406 dicab03
888 3324 996 3410 atque
1029 3319 1181 3389 animam

675 3421 809 3489 devoto
835 3418 1011 3491 hostibus
1148 3433 1150 3437 ’

146 3515 324 3575 devorabo
362 3517 535 3596 scripserunt
565 3519 707 3592 nonnulli,
749 3520 823 3597 quod
861 3520 1002 3579 antecedit
1041 3518 1179 3578 dicabo.

145 3599 336 3671 Hostibus,
359 3601 388 3660 id
409 3611 467 3674 est,
488 3603 518 3662 in
537 3599 688 3682 perniciem
704 3604 832 3664 bostium.
883 3604 982 3663 Livius
997 3604 1070 3662 Hist.
1081 3603 1123 3667 X.
1138 3611 1179 3668 28

145 3683 262 3742 Decium
290 3683 390 3756 lilium,
420 3687 499 3746 cuius
527 3690 597 3748 baec
623 3696 689 3747 sunt
715 3689 815 3760 verba,
852 3690 1001 3748 secundum
1030 3688 1180 3750 sollemnes

144 3767 323 3846 precationes
349 3770 485 3831 adiecisse
512 3773 595 3832 dicit:
627 3774 728 3848 „Prae
756 3793 789 3833 se
810 3794 898 3854 agere
919 3793 983 3833 sese
1004 3771 1180 3834 formidinem

145 3850 302 3933 acfugom,
325 3855 493 3935 caedemque
514 3878 548 3917 ac
569 3876 710 3930 cruorem,
733 3859 909 3929 coelestium,
930 3857 1085 3928 inferorum
1105 3859 1179 3932 iras3

147 3943 338 3996 contestinum
364 3939 526 4001 funebribus
554 3943 622 4001 divis
644 3943 741 4023 signa,
772 3944 844 4014 tela,
874 3963 952 4002 arma
971 3945 1106 4016 bostinm3
1137 3945 1180 4002 lo·

146 4039 261 4100 comque
283 4024 399 4085 eundem
421 4046 489 4086 suae
510 4029 602 4106 pestis
619 4033 649 4087 et
671 4027 814 4088 Gallorum
842 4047 876 4087 ac
897 4028 1061 4087 Samnitium
1082 4026 1180 4086 lore.“

145 4103 190 4164 lle
216 4106 395 4168 sollemnibus
421 4111 451 4171 in
478 4112 627 4176 devotione
653 4132 704 4193 pro
725 4113 817 4194 pauiu
836 4113 1045 4192 precationibus
1073 4111 1109 4173 cf.
1131 4111 1181 4172 ui-

145 4188 207 4250 vius
226 4189 301 4253 llist.
324 4191 398 4255 vill.
421 4201 450 4258 9.
700 4207 701 4211 ’
906 4198 909 4206 ’
