2938 4848
203 414 350 532 'aa

296 601 369 678 set,
410 591 540 661 eadem
572 590 706 663 deinde
734 593 861 664 fabula
887 589 1148 689 (praetextata)
1174 591 1341 664 trabeata

296 694 406 764 etiam
431 695 551 784 coepit
577 693 761 786 appellari.
771 701 795 738 “
829 694 1006 766 Similiter
1024 694 1134 764 sentit
1153 691 1215 765 Jo.
1236 695 1339 788 Aug.

294 793 574 884 Eruestius130).
628 792 795 888 (inpetus
810 797 875 893 131)
902 803 1035 882 autem,
1061 796 1146 866 licet
1170 803 1339 888 praetex-

199 947 204 952 -
296 906 408 968 iatam
433 921 499 989 pro
525 899 715 968 comoedia
740 897 890 985 habeat,
920 900 1104 969 trabeatus
1129 899 1340 990 tragoedias

293 1001 409 1072 fuisse
435 1000 691 1090 pronuntiavit.
725 999 801 1071 Sed
817 999 1006 1070 videamus
1020 1001 1195 1092 antiquos.
1232 1000 1338 1071 Anti·

294 1123 448 1194 quorum
481 1103 694 1193 scriptorum
723 1101 922 1173 Suetonius
938 1101 1003 1198 ¹³²)
1030 1104 1140 1172 solus
1157 1103 1339 1172 trabeata·

293 1226 375 1274 rum
406 1204 617 1274 nominatim
649 1203 738 1275 facit
771 1205 1006 1290 mentionem,
1051 1228 1099 1273 ex
1138 1226 1210 1296 quo
1242 1202 1340 1274 haec

294 1327 490 1398 ponamus:
532 1303 607 1394 „a
641 1304 816 1377 Melissus
851 1304 1093 1400 (Maecenatis
1124 1306 1274 1375 libertus
1303 1311 1341 1375 et

294 1407 535 1479 bibliothecae
562 1408 599 1478 in
621 1405 798 1478 Octaviae
824 1409 968 1498 porticu
993 1407 1217 1503 praefectus)
1233 1449 1285 1458 -
1298 1413 1341 1476 ιι)

294 1511 373 1600 ipse
412 1511 539 1596 tradit,
580 1509 850 1601 sexagesimum
883 1511 1012 1580 aetatis
1044 1533 1178 1579 annum
1210 1530 1338 1602 agens,

293 1612 438 1684 libellos
470 1611 771 1702 Ineptiarum,
812 1613 875 1704 qui
907 1635 1003 1683 nuuc
1033 1610 1251 1682 Jocorum
1283 1611 1338 1680 in·

295 1715 518 1800 scribuntur,
552 1736 770 1805 componere
794 1714 966 1801 instituit,
1000 1714 1227 1806 absolvitque
1253 1735 1338 1782 cen·

294 1822 368 1885 tum
403 1823 439 1884 et
470 1816 746 1908 quinquaginta,
789 1817 919 1907 quibus
952 1822 989 1886 et
1019 1817 1174 1885 mimos
1201 1815 1339 1885 diversi
1462 1791 1463 1816 ³

297 1917 418 2008 operis
443 1926 572 2009 postea
598 1919 746 1988 addidit.
785 1917 890 1989 Fecit
908 1926 944 1987 et
956 1939 1092 1988 novum
1106 1939 1221 2009 genus
1234 1923 1339 2008 toga·

293 2027 423 2105 tarum,
450 2021 702 2112 inscripsitque
728 2022 977 2091 trabeatus.
988 2026 1012 2062 ‘⁶
1059 2019 1229 2111 Togatae
1244 2017 1338 2088 Suo·

173 2113 177 2126 '
293 2121 384 2192 tonii
417 2128 579 2211 tempore
607 2123 729 2214 -vulgo
762 2123 976 2193 dicebantur
1016 2117 1243 2191 comoediae
1261 2118 1338 2190 Ro·

293 2223 391 2294 mani
432 2225 646 2315 argumenti.
705 2222 916 2294 Trabeatae
949 2224 1077 2316 igitur,
1118 2222 1151 2293 si
1189 2223 1340 2294 fuerunt

292 2331 497 2418 togatarum
522 2349 649 2418 genus,
676 2328 910 2417 probabiliter
936 2336 973 2396 et
997 2328 1099 2418 ipsae
1126 2325 1339 2395 comoediae

291 2429 449 2498 fuerunt.
498 2426 621 2504 Quam
647 2429 862 2498 sententiam
879 2428 1067 2498 confirmat
1084 2417 1251 2513 Ovidius
1275 2425 1339 2519 qni
1462 2457 1463 2476 2

290 2526 502 2615 Melissum,
528 2551 634 2621 quem
659 2531 821 2621 quidem,
849 2553 943 2622 quae
967 2531 1100 2600 usitate
1126 2529 1339 2600 comoediae

295 2631 526 2716 dicebantur,
567 2631 745 2702 eiusmodi
777 2634 922 2702 fabulas
949 2632 1196 2724 composuisse
1220 2630 1337 2701 nesci-

293 2754 386 2816 mus,
414 2731 484 2802 hac
509 2733 651 2802 ratione
678 2735 871 2826 alloquitur
886 2735 971 2830 ¹³³):
1312 2743 1315 2752 ’

346 2831 551 2926 „Musaque
573 2834 736 2905 Turrani
761 2836 909 2928 tragicis
935 2836 1061 2906 innixa
1082 2835 1286 2922 cothurnis3

420 2933 469 3006 Ε)
489 2946 552 3006 tua
578 2960 660 3007 cum
686 2961 795 3009 socco
818 2936 939 3025 Musa,
968 2936 1130 3023 Melisse,
1156 2936 1287 3006 levis.“

294 3035 394 3116 Quin
427 3045 568 3124 autem,
602 3039 686 3109 licet
717 3040 839 3131 plures
870 3037 1014 3110 Melissi
1047 3061 1069 3108 a
1102 3037 1337 3128 scriptoribus

295 3147 632 3228 commemorentur,
661 3138 816 3213 Ovidius
843 3141 955 3228 hunc,
983 3149 1023 3210 nt
1048 3141 1110 3232 qui
1135 3140 1249 3230 ipsius
1276 3161 1336 3208 ae·

292 3244 408 3335 qualis
436 3248 551 3329 esset,
577 3242 847 3335 significaverit,
879 3244 1113 3314 dubitandum
1139 3263 1212 3310 non
1236 3241 1336 3311 vide-

293 3349 362 3416 tur.
411 3341 490 3414 Ner
529 3345 718 3438 quisquam
753 3355 979 3416 caeterorum
1010 3342 1245 3415 Melissornm
1276 3366 1336 3413 co·

293 3445 458 3517 moedias
484 3447 673 3538 scripsisse
699 3449 862 3518 traditur.
913 3447 1014 3517 Acro
1031 3442 1096 3542 131)
1130 3445 1275 3538 quidem
1301 3452 1337 3514 et

283 3554 401 3632 ¹vetus
416 3543 567 3640 Cruquii
584 3558 846 3620 commentator
862 3549 927 3642 133)
955 3545 1022 3618 Gn.
1039 3544 1230 3617 Melissum
1244 3548 1337 3617 inter

294 3655 499 3741 togatarum
526 3652 720 3742 scriptores
747 3659 978 3740 enumerant3
1003 3652 1068 3722 sed
1082 3649 1210 3740 prouul
1224 3649 1335 3719 dubio
1458 3671 1459 3715 ι

293 3757 445 3844 uterquc
470 3751 567 3822 idem
589 3761 645 3824 est
664 3752 864 3840 habendus,
892 3760 929 3823 et
949 3751 1023 3824 Gn.
1049 3752 1261 3822 mutandum
1281 3756 1339 3822 est

382 3979 459 4064 1³0)
482 3987 518 4046 ad
539 3988 659 4048 Sueten.
671 3989 706 4049 de
723 3989 827 4050 illustr.
849 4009 967 4072 gramm.
979 3988 1060 4047 xxi.
1073 4018 1115 4034 ··-
1138 3984 1214 4066 131)
1232 3987 1336 4047 Obser-
1456 4025 1457 4046 2

294 4070 406 4132 vait-l.
426 4078 476 4132 10.
497 4103 539 4118 -
568 4072 641 4152 132)
665 4074 701 4134 dc
720 4074 823 4135 lllustr.
846 4073 1061 4158 grammxxl.
1080 4105 1123 4119 ·-
1155 4069 1230 4152 1³3)
1244 4070 1335 4153 Epist.

296 4153 453 4320 &pappi
464 4155 512 4216 lv.
529 4164 578 4220 rs.
596 4166 647 4220 ao.
665 4191 708 4206 -
737 4157 812 4241 ιιι)
824 4161 861 4219 ιι
872 4157 1075 4238 flumenpia
1088 4158 1125 4218 au
1136 4156 1198 4217 en.
1212 4165 1282 4221 aas
1295 4189 1336 4203 -

395 4259 405 4301 l
424 4262 434 4301 l
454 4260 506 4302 em.
