2938 4848
268 377 326 454 24

269 573 346 622 nes.
404 550 450 623 In
490 551 719 624 senatoribus
758 557 878 624 antem
910 573 1018 646 quam
1049 555 1122 625 late
1152 555 1310 646 patuerit
1454 623 1455 650 3

267 661 538 746 praetextatum
570 677 678 741 usus,
720 657 765 725 de
797 677 843 728 ea
874 676 914 725 re
947 655 1018 725 viri
1049 657 1147 729 doeti
1172 658 1308 728 dissen-
1348 659 1350 664 ’
1454 725 1455 734 ,

268 755 370 826 tiunt.
422 755 585 827 Maxime
611 757 844 847 probabiliter
869 757 994 827 statuit
1018 780 1099 829 enm
1125 761 1309 832 nonnullis
1454 771 1455 778 ’

139 927 141 932 .
267 855 582 952 Besaro-ausu),
616 881 663 928 ex
689 859 915 930 senatoribus
941 859 986 928 iis
1012 861 1118 947 solis,
1158 862 1220 952 qui
1244 863 1308 932 ali·

269 981 375 1052 quem
401 961 650 1052 magistratum
677 961 891 1052 gessissent,
929 962 1064 1031 linitum
1090 962 1224 1050 fuisse,
1256 963 1309 1033 id·

265 1083 335 1153 que
360 1063 607 1133 tantummodo
633 1062 867 1134 sollemnibus
893 1063 1039 1148 diebus,
1067 1072 1308 1155 togamprae·

266 1169 403 1233 textam
428 1183 616 1254 usurpare.
669 1162 792 1241 Quum
815 1186 903 1234 vero
926 1187 973 1234 ex
994 1165 1039 1234 iis
1055 1165 1134 1235 fere
1157 1173 1308 1253 tantum,

267 1266 329 1357 qni
360 1266 591 1357 magistratus
623 1267 786 1352 fuerant,
826 1272 1015 1336 senatores
1046 1267 1130 1336 leoti
1164 1266 1307 1366 sint⁸⁵),
1358 1361 1359 1364 Ἴ

267 1367 374 1437 simul
400 1368 509 1438 statui
541 1369 644 1453 lieet,
686 1368 882 1437 maximam
916 1375 1125 1437 senatorum
1157 1375 1308 1458 partem,

268 1468 447 1540 interdum
473 1469 634 1560 quidem,
670 1468 740 1538 hae
764 1480 867 1539 veste
893 1491 981 1539 usos
1008 1491 1101 1540 esse.
1154 1467 1309 1541 Contro-

266 1571 391 1640 versia
417 1570 525 1640 etiam
559 1579 613 1640 est
638 1569 732 1639 inter
756 1570 858 1640 viros
882 1572 1029 1655 doctos,
1064 1592 1151 1641 num
1183 1595 1309 1646 censos·

267 1693 328 1743 res
360 1678 398 1742 et
429 1672 561 1741 tribuni
588 1673 702 1762 plebis
735 1679 857 1764 togam
884 1681 1110 1763 praetextam
1143 1680 1309 1764 gestare·

267 1770 407 1868 rintsst).
449 1770 606 1844 Omnino
634 1781 773 1860 autem,
799 1785 839 1843 ut
866 1774 1002 1860 exiis,
1028 1795 1122 1865 quae
1139 1776 1309 1862 diximus,

221 1870 229 1890 ’
268 1885 435 1965 apparet,
462 1871 690 1946 honestiores
712 1883 850 1946 tantum
873 1873 1122 1945 Romanorum
1143 1883 1311 1966 praetex-

267 1983 340 2045 tam
358 1980 567 2070 gestabant,
593 1987 633 2046 ut
659 1977 729 2046 hue
755 1979 865 2048 etiam
889 1979 1065 2069 quadrent
1091 1977 1183 2048 haee
1199 1975 1311 2049 Nonii

267 2075 514 2176 Mareelli⁸⁷):
563 2077 872 2167 „Praetexta,
912 2079 1053 2170 insigne
1092 2076 1310 2167 Romanum,

267 2183 363 2273 quod
389 2204 500 2272 supra
525 2182 664 2252 tunicas
690 2180 859 2250 honorati
882 2181 1015 2273 quique
1045 2189 1201 2252 sumunt.
1212 2188 1236 2225 ‘⁶

368 2315 483 2387 Tales
508 2317 618 2410 igitur
643 2315 807 2387 homines
814 2367 826 2404 ,
854 2317 915 2410 qui
942 2322 1064 2409 togam
1085 2322 1311 2408 praetextam

267 2424 469 2510 gestarent,
511 2419 548 2487 in
582 2418 708 2488 fabula
740 2425 931 2511 praetexta
967 2419 1046 2488 sive
1082 2424 1311 2507 praetextata

265 2529 556 2610 repraesentatos
590 2543 671 2590 esse
698 2528 733 2589 et
759 2543 824 2610 per
848 2543 889 2590 se
914 2520 1124 2612 intelligitur
1150 2526 1186 2589 et
1211 2526 1310 2590 vete·

266 2643 326 2690 res
349 2623 491 2692 docent.
542 2619 622 2692 Nec
647 2644 736 2709 voro
763 2645 853 2712 opus
880 2627 935 2691 est
954 2629 1138 2710 statuere,
1173 2643 1310 2708 omneS,

268 2722 330 2813 qui
358 2730 552 2813 praetexta
584 2732 789 2810 uterentur,
824 2725 863 2792 in
897 2723 951 2793 his
976 2724 1110 2795 fabulis
1144 2725 1310 2793 inductos

270 2845 363 2895 esse.
421 2822 601 2915 Imprimis
627 2823 706 2897 Jos.
734 2823 975 2921 scaligerffi),
1010 2823 1310 2918 Burengeruse),

271 2919 359 2998 Ger.
383 2923 444 2998 Jo.
468 2923 681 3024 vossiusw)
706 2934 859 3020 negant,
887 2950 1019 3018 pueros
1047 2935 1083 2998 et
1107 2928 1249 3019 puellas
1274 2927 1312 2996 iu

267 3021 338 3098 hoe
375 3029 582 3100 fabularum
622 3051 756 3123 genere
797 3031 917 3099 locum
958 3029 1140 3100 habuisse.
1203 3027 1312 3100 Certe

268 3151 451 3223 nunquam
483 3132 612 3202 horum
646 3139 785 3222 partes,
827 3131 968 3201 etiamsi
1008 3130 1201 3201 introdnoti
1242 3131 1314 3201 sint

355 3348 409 3432 84)
437 3350 613 3431 Republique
639 3351 721 3409 Rom.
749 3351 784 3409 ll.
810 3357 836 3410 1.
873 3347 918 3408 Cf.
945 3349 1112 3408 Zanoseius
1141 3349 1176 3408 de
1204 3347 1313 3408 Senatu

269 3433 351 3493 Rom.
366 3435 389 3493 l.
402 3443 443 3497 17
450 3457 458 3507 3
490 3435 692 3494 lllitldletonius
705 3435 842 3494 Treatlse
864 3453 901 3492 on
922 3433 970 3493 the
986 3435 1096 3493 Roman
1116 3435 1231 3493 Senate.
1251 3433 1312 3493 Vll.

145 3521 149 3526 ’
267 3549 311 3565 -
338 3517 393 3600 85)
423 3519 504 3579 viad.
527 3519 665 3601 Sigonius
692 3521 727 3580 tle
748 3520 872 3599 Antiqua
901 3518 962 3579 iure
989 3519 1088 3579 civium
1118 3519 1199 3577 Rom.
1221 3518 1256 3578 ll.
1280 3526 1313 3589 ²3

268 3603 436 3663 Zanoseius
457 3603 493 3664 (le
505 3605 614 3664 Senatu
625 3605 706 3663 Rom.
723 3605 744 3664 1.
763 3613 792 3667 9.
814 3637 857 3649 -
887 3602 940 3684 86)
964 3605 1007 3663 lie
1028 3609 1239 3682 praeteritarum
1260 3621 1313 3662 usu

269 3687 346 3750 vido.
368 3688 497 3748 Lazarus
514 3687 628 3768 Bayfius
651 3690 686 3748 de
702 3691 746 3748 lle
767 3695 840 3750 vest.
860 3689 914 3762 X.;
944 3690 1008 3748 All.
1030 3688 1174 3748 Manutius
1196 3688 1232 3746 de
1249 3687 1313 3746 To-

269 3790 323 3854 go3
351 3773 539 3853 Hieronymus
560 3773 679 3833 Bossius
702 3775 840 3854 deToga
862 3774 943 3833 Rom.
959 3774 1025 3845 Xl.;
1054 3773 1153 3833 octav.
1166 3772 1314 3832 Ferrarius

269 3857 490 3919 deRevestll.
505 3865 612 3931 1-4,
645 3860 772 3919 Analeet.
796 3859 831 3917 de
852 3879 885 3918 re
905 3866 977 3919 vest.
1000 3859 1057 3931 X.;
1084 3858 1146 3916 Alb.
1169 3856 1314 3916 Rubenius

269 3942 306 4002 tle
327 3943 372 4002 lie
398 3951 470 4004 rest.
493 3944 529 4002 ll.
553 3951 608 4015 143
651 3945 754 4026 Aegii.
781 3944 967 4004 Foreellinius
994 3943 1068 4002 Lex.
1096 3943 1166 4022 ling.
1194 3941 1260 4002 Lot.
1286 3961 1313 4001 r.

269 4027 484 4100 Praetexta,
519 4029 595 4088 Son.
623 4028 746 4089 Pitiseus
774 4028 848 4088 Lex.
877 4028 1020 4106 antiquitt.
1049 4028 1132 4086 llam.
1160 4048 1188 4088 v.
1209 4027 1315 4086 Prae·
1350 4051 1353 4056 ·

271 4118 382 4172 texta.
404 4146 447 4158 -
475 4111 529 4195 87)
551 4115 850 4194 p-541ed.ltlerear.
872 4145 915 4160 -
943 4111 997 4194 88)
1020 4114 1057 4172 arl
1071 4114 1149 4172 rest
1171 4111 1315 4172 ϋηο-

171 4221 173 4225 ’
272 4202 407 4258 textae.
420 4234 462 4246 —
484 4198 540 4281 89)
561 4201 597 4260 de
607 4199 737 4261 Theatra
753 4200 774 4259 l.
787 4208 816 4264 6.
829 4232 871 4246 -
893 4197 948 4282 90)
964 4198 1100 4258 lustimtt.
1112 4203 1188 4275 poet
1199 4197 1315 4258 ttae
