2932 4842
281 367 362 444 182

338 535 451 615 Parte
474 533 652 615 inferiore
676 543 736 615 hic
760 535 1015 636 implicabatur
1040 553 1194 636 caput.“

287 645 502 708 Brundusio.
514 645 581 704 dun.
594 646 802 706 Brundisio.
822 647 1131 707 Merc.Brundisio.
1144 682 1187 696 -
1204 649 1325 712 Parte.

287 732 372 794 Libri,
390 725 427 788 ln
450 736 563 809 parto.
595 731 658 789 Non
681 731 806 792 dubitavi
827 731 1061 811 praepositionem
1081 733 1221 806 omittere,
1243 755 1327 814 quum

288 838 323 878 ea
344 816 440 875 addita
461 835 560 895 versus
583 816 691 874 modum
714 816 842 874 excedat.
886 818 983 874 Ortum
1011 816 1121 877 videtur
1143 819 1211 878 iliud
1232 820 1266 880 in
1288 841 1328 880 ox

288 901 475 962 antecedente
507 900 723 960 Brundusio.
782 901 901 958 Bothius
938 907 1038 960 contro
1074 903 1241 964 vocabulum
1271 906 1328 966 hic

287 985 399 1046 uncinis
421 984 546 1054 inclusit3
579 985 653 1063 quod
675 986 814 1064 quomodo
836 1006 853 1044 a
873 985 994 1044 librariis
1016 986 1081 1044 addi
1103 988 1241 1066 potuerit,
1269 1011 1327 1049 non

286 1072 379 1132 video.
412 1069 527 1146 Lipsius
549 1070 693 1148 Epistolio.
716 1077 823 1148 quaest.
840 1070 873 1129 V.
886 1078 925 1132 Ἡ)
944 1090 994 1148 pro
1016 1071 1072 1130 hio
1094 1071 1216 1132 coniecit
1235 1075 1327 1134 huic.

287 1157 363 1215 idom
393 1153 506 1232 scripsit
534 1151 660 1214 fascoo
688 1175 739 1234 pro
767 1153 904 1226 fateor,
939 1155 1014 1232 quod
1041 1156 1106 1214 olim
1132 1164 1200 1236 post
1220 1165 1329 1238 caput

287 1240 445 1321 legchatur.
489 1239 527 1295 nt
547 1239 702 1298 Mercarius
730 1239 758 1297 in
780 1239 922 1298 annotatis
944 1239 1035 1312 docet,
1058 1241 1171 1300 verbum
1193 1241 1269 1301 istud
1290 1263 1328 1303 ex

285 1325 356 1385 Attii
377 1325 440 1382 loco
462 1323 599 1382 sublatum
622 1324 784 1384 adhaesisse
804 1322 932 1384 Afranio.
973 1323 1018 1384 Cf.
1039 1325 1110 1385 Attii
1131 1327 1328 1388 Aeneadarum

287 1410 347 1471 sivo
367 1408 449 1470 Decii
469 1407 572 1489 fragm.
590 1408 637 1468 vl.

777 1560 829 1619 111.

372 1677 475 1738 Festus
496 1697 524 1738 v.
547 1678 726 1758 sagaces,
747 1677 862 1757 Fragm.
884 1698 912 1756 p.
924 1684 962 1739 61
978 1679 1022 1737 ed.
1042 1677 1162 1739 Ducem:
1192 1681 1327 1763 „Saga-

289 1762 561 1908 {ppndpsppphantur
581 1761 669 1866 *multi
703 1781 738 1822 ac
778 1761 903 1821 sollertis
925 1763 1080 1830 acuminis.
1128 1762 1263 1826 Afranius
1296 1767 1327 1826 iu

341 1947 435 2028 Quis
451 1940 667 2041 tdmsagaci
683 1947 791 2019 cdrde
807 1954 914 2040 utque
930 1947 1074 2042 ingenio
1089 1948 1252 2022 ιὶιιίοαίις

781 2115 831 2175 lV.

375 2233 539 2298 Priscianus
554 2234 594 2293 X.
617 2241 645 2295 2.
669 2240 697 2296 7.
725 2256 755 2314 p.
776 2241 837 2296 879
865 2253 909 2313 ap.
938 2233 1068 2295 Porsen:
1105 2236 1240 2317 „Sapio
1270 2244 1327 2298 tam

292 2319 416 2398 sapivi
437 2321 481 2380 rel
504 2319 595 2399 sapii
617 2339 697 2398 qoam
719 2318 824 2399 sapui
850 2318 1002 2398 protulisse
1029 2325 1160 2382 auctores
1181 2323 1327 2384 inveniun-

292 2410 348 2463 tur.
371 2403 567 2463 —Afranius
589 2401 616 2462 iu
638 2401 838 2463 Brundusinis:

341 2496 531 2597 ‘Equidem
565 2527 662 2576 nunc
697 2506 851 2597 resipui,
894 2511 1084 2597 postquam
1120 2507 1245 2597 pectus
1273 2515 1327 2581 cst

897 2599 1037 2677 laetitia
1060 2614 1272 2682 onustum.“

291 2703 447 2766 laetitia
469 2713 640 2767 onustum.
663 2708 760 2787 Steph.
782 2707 958 2768 laetitiae
978 2709 1182 2771 honustum.

705 2891 908 2906 a*

375 3042 542 3104 Laudentur
577 3045 647 3104 haec
684 3044 858 3127 fragmenta,
896 3043 922 3104 si
949 3043 1076 3105 omiseris
1103 3046 1171 3106 illud
1201 3046 1327 3122 Bruto,
1445 3039 1446 3116 Ῑ

294 3127 420 3208 quadiu
442 3129 584 3188 nonnullis
605 3128 691 3189 Nonii
713 3130 881 3190 aditionibus
903 3131 1052 3210 reperitur,
1074 3151 1112 3190 ex
1132 3133 1327 3208 Brundusiais,
1445 3135 1446 3208 3

292 3213 481 3285 Brundusium
502 3215 677 3287 Brundusi03
704 3222 736 3274 ut
756 3215 810 3276 viri
831 3215 907 3274 docti
929 3215 1005 3275 dubii
1026 3215 1083 3275 sint
1105 3216 1140 3275 do
1162 3236 1229 3278 vera
1249 3217 1328 3277 sahu-

292 3298 338 3358 lae
359 3299 550 3378 inscriptione.
593 3301 673 3359 Hune
698 3320 743 3359 me
770 3300 912 3361 invenisse
942 3300 1065 3360 arbitror
1095 3302 1168 3380 apud
1189 3301 1329 3362 Donatum

293 3383 328 3441 dc
351 3385 517 3456 Comoedia,
544 3386 592 3444 uhi
614 3386 683 3444 hooc
703 3383 854 3465 leguntur:
884 3384 1039 3462 „Omnium
1060 3393 1152 3445 autem
1173 3388 1329 3446 comoedia·
1445 3399 1446 3468 }

292 3486 352 3526 rurn
375 3468 481 3547 scripta
502 3489 540 3528 ex
561 3476 681 3548 quatuor
703 3471 786 3528 rebus
808 3469 921 3529 omnino
938 3476 1093 3541 sumuntur,
1115 3470 1236 3543 nomine,
1257 3472 1329 3547 ioco,
1445 3471 1446 3518 i

292 3550 384 3626 facto,
407 3559 526 3612 eventu:
554 3554 674 3627 nomino,
695 3561 729 3612 ut
749 3553 896 3628 Phormio,
918 3555 1043 3633 Hecyra,
1066 3555 1213 3627 Curculio,
1235 3556 1330 3636 Epidi-

292 3655 358 3708 cus,
391 3638 470 3709 loco,
500 3645 533 3694 ut
564 3639 684 3711 Andria,
717 3639 877 3710 Leucadia,
906 3639 1150 3712 Brundusium
1178 3639 1280 3699 facto“
1301 3648 1331 3700 et

292 3738 365 3799 quae
391 3728 555 3800 sequuntur.
600 3724 748 3782 Caeterum
775 3723 878 3783 hahuit
897 3723 942 3783 hic
964 3744 1074 3804 quoquc
1094 3723 1331 3805 Afraniusprac·

286 3813 338 3863 ‘tor
364 3806 446 3879 aiios,
475 3826 547 3884 quos
581 3808 661 3886 sequi
694 3814 806 3886 posset,
835 3808 1036 3883 Menandrum,
1070 3809 1118 3888 qui
1143 3805 1329 3893 Ἀνδρίαν,

292 3888 471 3965 Κνιδίαν,
488 3887 710 3969 Ὀλυνθίαν,
732 3892 804 3952 ahias
828 3893 989 3973 scripserat.
