2932 4842
1130 371 1209 450 187

169 567 222 610 me
241 565 299 608 non
321 546 434 608 eliditur
453 566 506 629 per
521 546 785 627 interpunctionem.
806 578 849 592 -
869 546 961 606 Hem.
983 545 1081 626 Stepls.
1102 567 1154 609 eo.
1167 579 1210 594 ·-

169 634 296 694 Lente.
327 633 410 693 Libri
440 633 626 712 lenteque,
653 633 802 693 laborante
827 637 857 690 et
884 639 974 692 metro
1001 637 1032 691 et
1058 635 1210 694 sententia.

171 718 306 778 Correxit
330 717 464 789 Bothius,
486 717 532 777 eui
553 738 652 778 versus
672 718 785 780 uidetur
805 723 1000 794 asynsrtetus,
1032 735 1071 776 ex
1101 717 1211 778 duobus

171 802 359 882 itlsyplrallicis
381 809 536 868 maanus.
567 802 612 862 uf.
635 810 745 863 annott.
767 802 803 860 ad
824 801 928 862 Titinii
949 800 1210 883 Geminaelrngm.

171 887 224 946 lX.
257 887 332 946 ldem
353 887 494 967 explicutz
517 889 736 967 „Reprehensos
757 888 830 946 ulter
849 887 884 947 ob
907 887 997 947 altero
1019 886 1046 947 in
1069 905 1114 958 eo,
1136 886 1212 967 quod

171 971 372 1032 incommodioe
395 971 596 1053 (incommode)
619 973 747 1054 rogando
769 979 854 1049 atque
872 971 1002 1032 instando
1015 971 1057 1032 ito
1070 991 1102 1032 so
1116 977 1212 1053 gerat,

174 1057 256 1136 quasi
277 1077 334 1116 non
356 1056 394 1116 sit
415 1058 489 1139 apul
509 1077 551 1130 so,
574 1058 644 1118 haee
664 1057 847 1140 respondet.“

670 1241 719 1302 Ν.

258 1357 403 1420 Charisius
415 1359 450 1421 ll.
471 1381 500 1441 p.
512 1365 572 1424 184
588 1379 633 1442 ap.
647 1359 779 1420 Putsch.:
802 1357 1015 1434 „Mordieus
1036 1355 1170 1419 Afranius
1183 1357 1213 1418 in

177 1444 379 1504 Consobrinis:

274 1530 343 1583 '-
366 1527 494 1620 Volua,
520 1529 650 1602 retinet
673 1529 782 1600 homo
808 1528 969 1622 linguam
994 1528 1215 1602 mordicus.“

676 1681 712 1742 V.

261 1797 407 1859 Charisius
423 1798 459 1858 ll.
481 1820 509 1880 p.
528 1806 588 1862 189
611 1819 658 1880 ap.
678 1795 811 1858 Puteola:
839 1795 1105 1870 „l‘rael'iseiue
1131 1795 1216 1860 Afra·

174 1881 240 1944 nius
262 1883 290 1942 in
313 1882 513 1943 Consobrinis:

228 1967 310 2040 Scis
335 1961 510 2056 hobitum,
535 1968 587 2040 ita
610 1976 651 2039 ut
674 1991 771 2039 nunc
792 1967 938 2053 obtinet,
962 1965 1190 2058 praefiscine.

75 2091 81 2094 ·
174 2069 236 2129 Per
257 2089 288 2142 e,
319 2090 377 2129 non
405 2089 456 2150 per
486 2069 526 2129 i.“
569 2069 732 2130 Habitum
755 2069 973 2141 substantivum,
1005 2067 1216 2133 anominativo

176 2154 343 2231 halitus,
365 2174 423 2214 non
444 2155 630 2237 perticipium.

672 2289 721 2348 Vl.

262 2404 371 2467 Nonius
393 2427 421 2488 p.
434 2410 495 2469 557
511 2407 555 2467 ed.
568 2405 672 2466 Mero:
694 2402 957 2484 ‚,Consol›rini‚
980 2423 1018 2464 ex
1031 2404 1138 2463 duobus
1150 2403 1219 2464 editi

177 2491 333 2551 sororibus.
375 2491 421 2552 De
450 2492 550 2571 quibus
578 2490 706 2571 exempla
728 2491 814 2551 multo
834 2498 902 2549 suot
923 2489 951 2548 io
974 2489 1097 2568 antiquis
1119 2497 1218 2549 aucto·

177 2575 266 2650 ribus,
288 2582 318 2636 ct
339 2576 459 2637 maxime
480 2577 509 2636 in
523 2575 641 2637 Afranio
663 2583 693 2636 et
709 2575 779 2635 iuris
794 2575 992 2638 vetustissimis
1004 2573 1218 2655 scriptoribus.“

264 2843 461 2905 Verisimiliter
490 2847 564 2906 hune
584 2852 713 2927 togatam
734 2843 909 2923 expressisse
929 2841 1078 2904 Afranium
1100 2864 1137 2904 ex
1158 2843 1220 2903 Me-

180 2930 282 2989 naudri
298 2927 487 3006 Ἀνεψιοῖς
515 2930 649 2990 dixerunt
675 2936 740 3010 post
760 2930 832 2988 ulios
853 2929 999 2988 Fabricius
1019 2930 1093 2988 Bibl.
1116 2930 1219 2989 Gracc.

181 3015 228 3112 Τ.ι
238 3015 274 3073 ΙΙ.
301 3020 409 3161 ⁹⁰th
438 3035 498 3076 eur.
527 3015 639 3076 llorles.
666 3022 696 3075 ct
728 3014 888 3074 lrleinekius
916 3014 953 3074 ad
977 3013 1128 3074 Menandri
1154 3011 1220 3074 rell·

182 3117 263 3178 quias
283 3121 312 3180 p.
372 3141 381 3158 .

549 3333 947 3429 carneus

267 3619 377 3680 Nonius
398 3639 426 3700 p.
442 3624 504 3681 124
526 3619 571 3682 erl.
592 3621 698 3682 Mero:
725 3619 924 3695 „lnsolum,
956 3619 1107 3680 insolitum.
1139 3615 1224 3680 Afra·

183 3703 249 3766 nius
269 3705 299 3765 io
326 3705 464 3765 Crimince

440 3800 514 3843 '—
538 3781 753 3863 'Orbitatem
782 3791 957 3862 senectuti
981 3780 1067 3861 tuae
1091 3790 1225 3861 malam

234 3881 375 3984 Metui3
409 3892 506 3986 quod
530 3893 569 3963 in
594 3895 711 3965 solum
736 3916 809 3963 non
834 3893 933 3962 venit
958 3894 1068 3963 coeco
1095 3914 1139 3962 so
1164 3891 1225 3961 de·

793 3994 904 4066 menti
929 3995 1005 4066 tibi.

185 4095 263 4155 ldem
285 4093 315 4153 in
335 4093 472 4177 Virgine:
505 4096 556 4155 Ne
581 4095 739 4166 veniret,
775 4096 868 4175 quod
900 4114 992 4158 nunc
1020 4092 1159 4176 agitor,
1192 4090 1228 4152 in

184 4181 340 4242 solum.“
367 4181 573 4254 senectuti„
594 4181 663 4242 luo.
694 4201 786 4264 marg.
820 4180 1001 4245 servituti.
1036 4176 1228 4242 Pronuntiar-
