2940 4838
476 507 478 513 Ι
573 559 818 621 sunus.

685 697 709 755 Ι.

259 813 367 875 mnas
385 813 465 874 xru.
486 821 521 877 a:
550 813 688 889 „namn
709 793 770 874 'noa
797 818 883 892 atque
910 811 1057 876 versatae
1083 812 1218 875 afranius

173 905 260 979 poeta
291 900 326 959 de
358 898 507 982 gignenda
542 900 784 979 conparandaque
822 898 964 978 sapientia
999 899 1131 978 opinatus
1164 906 1218 974 est,

56 1045 62 1055 ,
173 985 249 1062 quod
277 1004 339 1044 eam
365 985 450 1044 liliam
478 1003 542 1045 esse
569 1005 637 1043 usus
665 991 695 1044 et
723 984 874 1043 memoriae
902 984 984 1043 dixit.
1028 986 1071 1043 Eo
1100 1005 1219 1065 namque

174 1077 343 1150 argumento
376 1071 566 1142 demonstrat,
600 1069 660 1150 qni
682 1066 721 1149 (si
748 1066 844 1148 quisi)
881 1069 995 1147 sapiens
1029 1090 1093 1130 esse
1126 1091 1220 1130 rerum

173 1153 355 1214 humanarum
384 1155 466 1226 velit,
495 1175 552 1213 noa
583 1153 662 1215 libris
690 1153 758 1213 nolis
781 1174 871 1231 neque
894 1153 1048 1233 disciplinis
1070 1156 1219 1215 rhetoricis

175 1238 384 1318 dialecticisque
418 1259 488 1318 opus
521 1259 599 1310 esse,
632 1240 683 1298 sed
715 1247 848 1317 oportere
875 1259 937 1297 eum
968 1239 1076 1299 versari
1108 1260 1220 1319 quoque

174 1325 359 1401 exercerique
388 1325 416 1382 iu
445 1325 530 1383 rebus
559 1324 750 1382 communibus
781 1324 931 1383 noscendis
961 1325 1218 1404 periclitandisque,
1264 1391 1268 1400 ,

174 1426 264 1487 euque
297 1409 391 1468 omnia
419 1417 483 1468 ncta
515 1416 544 1468 et
571 1417 673 1469 eventa
699 1408 817 1468 firmiter
845 1409 1018 1480 meminisse,
1051 1417 1079 1468 et
1101 1412 1219 1490 proinde

174 1513 275 1572 sapere
297 1513 332 1554 ac
353 1495 502 1554 consulere
524 1513 562 1553 ex
583 1494 642 1566 hia,
672 1513 745 1572 quae
772 1493 897 1573 periculo
918 1494 980 1572 ipsa
1000 1514 1093 1554 rerum
1116 1497 1219 1555 docue-

172 1577 245 1651 rint,
276 1599 333 1636 non
355 1598 429 1657 qnae
451 1579 514 1638 libri
536 1586 652 1658 tantum
666 1599 700 1639 ac
721 1579 851 1660 magistri
872 1599 923 1657 per
944 1581 1077 1657 quasdam
1099 1581 1219 1640 inanita-

173 1670 218 1721 tes
239 1663 387 1725 verborum
410 1670 439 1723 et
461 1664 630 1744 imaginum,
659 1670 798 1742 tamquam
820 1664 848 1721 in
871 1664 953 1722 mimo
977 1673 1026 1723 aut
1048 1665 1076 1723 in
1099 1667 1217 1739 somnio,

176 1748 389 1809 delectaverint.
439 1748 546 1807 Versus
578 1748 690 1807 Afranii
726 1755 793 1808 sunt
826 1748 855 1807 ia
886 1756 1007 1830 togata,
1046 1749 1092 1810 cni
1124 1752 1219 1812 Sellae

173 1853 275 1891 nomen
298 1840 361 1892 estc

224 1919 321 1990 Usus
347 1941 405 1986 me
431 1917 566 2010 genuit,
593 1908 713 1988 mdter·
738 1920 879 2008 peperit
904 1909 1105 2010 Memoria3

225 2017 398 2110 Sophiam
425 2027 558 2089 vocant
582 2043 640 2089 me
668 2012 786 2106 Gratti,
813 2043 880 2090 vos
907 2021 1168 2112 Sapientiam.“

173 2126 287 2179 mater
314 2121 464 2200 peperit.
493 2121 563 2180 Cod.
594 2121 712 2199 Guelplr.
740 2131 852 2180 mater
874 2142 923 2180 me
944 2124 1106 2202 peperit,
1130 2124 1218 2184 invito

173 2211 274 2264 metro.
303 2237 343 2249 —
367 2206 545 2283 Sophiam.
577 2207 674 2283 Steplr.
697 2204 854 2286 Σοφίαν.
876 2241 918 2251 -
940 2208 1066 2266 ,loannes
1089 2209 1219 2268 Sarisbe-

173 2288 277 2348 rieneis
304 2290 340 2348 de
367 2289 460 2370 Nugis
489 2289 587 2349 curial.
605 2291 652 2348 lV.
671 2298 706 2350 6:
730 2291 915 2370 „Philosophi
935 2300 1047 2352 veteres
1069 2293 1220 2374 imaginem

176 2374 341 2452 Sapientiae
379 2395 448 2454 prae
475 2373 583 2433 foribus
621 2375 742 2433 omnium
782 2377 945 2454 templorum
979 2377 1060 2459 pingi
1089 2385 1119 2436 et
1149 2380 1220 2438 haee

174 2459 262 2519 verba
283 2458 369 2518 scribi
391 2459 494 2518 dehere
506 2467 695 2519 censuerunt:
718 2461 812 2519 Usus
834 2482 883 2520 me
905 2463 1053 2541 genuit,
1077 2464 1220 2542 peperit

174 2542 364 2615 Memoriam
395 2544 568 2622 Sophiam
597 2565 646 2604 me
674 2541 809 2604 'vocant
831 2545 948 2618 Graii,
975 2568 1039 2609 vos
1071 2548 1219 2627 Sapien-

175 2627 291 2686 tiam.“
333 2627 472 2704 Videntur
503 2630 573 2689 haec
602 2647 642 2688 ex
675 2630 796 2710 prologo
832 2631 977 2712 desumpta
1008 2653 1072 2693 esse
1109 2633 1219 2713 ipsique

176 2713 346 2791 Sapientiae·
359 2714 473 2796 prologi
493 2721 590 2794 parter
611 2715 734 2774 tributae
754 2713 853 2774 fuisse.

674 2850 710 2909 ll.

258 2963 419 3024 Macrobius
441 2967 608 3027 saturali.
628 2975 667 3029 16
690 2968 726 3028 de
746 2967 848 3027 lienum
871 2926 1030 3050 'generibus
1058 2929 1161 3053 agens=
1177 2974 1219 3036 ita

175 3048 286 3130 pergit:
317 3051 437 3121 „Quidl
466 3053 541 3130 quod
572 3051 654 3111 ficum
683 3061 821 3132 tamquam
849 3073 906 3111 non
937 3073 1047 3132 pomum
1069 3059 1179 3117 secerni
1201 3080 1220 3119 a

175 3134 265 3211 pomis
287 3136 361 3215 apud
383 3136 502 3195 idoneus
522 3137 694 3216 reperimusl
715 3139 850 3198 Afraniae
871 3138 900 3196 in
923 3140 1016 3198 Sella:

227 3215 395 3307 Pomum,
423 3223 514 3309 olna,
541 3222 660 3310 ficum,
687 3231 836 3294 uvam.“

176 3319 288 3380 Sella.
322 3322 481 3400 Stephanus
509 3324 672 3396 annotarit,
694 3324 723 3383 in
744 3326 822 3407 vulg.
845 3325 912 3384 edit.
934 3324 994 3406 legi
1016 3325 1126 3387 Selia.
1159 3329 1218 3388 Sed

174 3404 258 3463 lrodie
273 3405 361 3486 vulgo
378 3407 485 3488 legitur
500 3408 613 3479 Sella,
635 3416 668 3482 ut
684 3410 758 3488 apud
773 3409 902 3472 Gellium.
924 3443 968 3457 -·
987 3431 1096 3473 uvam.
1118 3414 1217 3493 Steph.

175 3508 251 3550 nra.
274 3523 315 3536 —
336 3491 491 3567 Pomum,
514 3493 624 3552 malum.

500 3763 892 3824 stmuuANS.

685 3899 708 3958 Ι.

259 4011 368 4073 Nonius
399 4037 427 4095 p.
447 3983 515 4078 124Ι
529 4016 573 4076 ed.
594 4017 698 4076 llere:
736 4017 830 4088 „lcit
851 4015 995 4099 significat
1015 4022 1154 4099 percutit,
1182 4023 1217 4084 alr

176 4095 242 4156 ictu.
264 4131 307 4144 —
328 4097 463 4161 Afranius
484 4102 513 4160 in
534 4101 706 4161 Simulante:

226 4176 398 4274 offendit,
424 4187 572 4278 frangit,
597 4188 740 4278 rumpit,
767 4187 830 4258 icit
854 4186 1031 4279 pdculo.“
