2938 4848
277 554 326 632 G.
351 557 595 652 banginW),
622 555 865 630 cumbarum
891 554 951 626 vel
976 575 1087 628 nuum
1113 562 1320 648 praetexto·

276 670 332 734 tns
377 662 511 732 fecisse
559 659 640 730 aliis
686 658 903 730 testimoniis
940 657 1155 730 confirmare
1194 681 1319 752 queas.

276 761 386 837 certe
412 765 510 857 quod
536 763 584 832 sd
599 759 791 832 Melissum
812 761 950 843 attinet,
976 759 1199 830 scholiastae
1218 764 1319 832 testi.

274 867 432 938 monium
460 864 609 935 dubium
633 863 797 932 redditur
822 884 880 947 eo,
905 861 1004 952 quod
1019 860 1230 950 Suetonius,
1256 866 1320 936 nbi

275 970 323 1040 de
353 969 420 1064 illo
444 966 520 1058 egit
554 985 735 1058 operaque
761 964 842 1034 eius
867 970 1072 1050 enumerat,
1112 973 1319 1054 praetexto

273 1078 391 1142 turum
410 1091 485 1140 non
505 1068 595 1138 fecit
621 1066 852 1136 mentionem.
903 1062 981 1136 Nee
1002 1066 1120 1157 magis
1139 1067 1319 1139 Afranius

229 1189 235 1210 ·
273 1178 521 1264 praetextatas
539 1168 731 1259 scripsisse
751 1168 965 1253 credendus,
987 1177 1026 1236 ut
1045 1169 1092 1237 ad
1111 1169 1319 1260 framenta

203 1298 206 1304 ’
275 1275 354 1346 eius
374 1272 712 1345 demonstrabimus.
753 1267 813 1340 De
830 1264 1035 1358 Pomponii,
1062 1270 1250 1360 siquidem,
1277 1281 1318 1342 ut

272 1378 437 1460 uidetur,
475 1373 520 1444 L.
547 1370 774 1461 Pomponius
798 1369 1043 1440 Bononiensis
1079 1371 1315 1463 sign‘u‘lemur,
1463 1405 1464 1418 ¹

270 1476 507 1571 praetextat’m
520 1475 670 1565 perinde
684 1472 921 1542 dubitandum
940 1480 997 1542 est
1016 1473 1077 1542 uel
1092 1475 1190 1561 ideo,
1217 1477 1315 1566 quod

270 1582 480 1672 fremente.
505 1576 605 1662 eius,
644 1595 738 1667 qnae
770 1596 847 1644 nnn
869 1574 921 1644 ite
946 1596 1067 1665 peuce·
1088 1584 1191 1662 sunt,
1229 1599 1314 1648 nus-

271 1704 380 1775 quam
397 1679 578 1752 eiusmodi
598 1674 953 1766 debulum‘puoduut.
983 1675 1042 1746 llc
1055 1676 1167 1748 Aeliu
1181 1677 1314 1750 Lamia

271 1790 310 1856 et
342 1781 508 1853 Antonin
545 1778 647 1852 Rufo
685 1787 832 1868 maten
868 1777 997 1848 horon
1037 1778 1313 1853 sebsllflsleuum

269 1883 476 1960 toetlmuma
506 1882 598 1956 osui
626 1880 716 1950 nibil
738 1880 913 1966 innotuit,
947 1881 1044 1950 unde
1069 1881 1115 1950 de
1141 1883 1312 1972 operibus

270 2010 402 2058 eorum
436 1985 575 2077 aliquid
612 1981 787 2052 concludi.
817 1983 943 2072 possit.
1001 1979 1166 2073 Denique
1202 1983 1313 2056 etism

268 2110 461 2180 perperam
493 2087 530 2155 in
561 2091 831 2176 praetextatum
863 2084 1060 2173 scriptores
1090 2081 1134 2154 P.
1163 2083 1310 2176 Sulpi·

270 2191 386 2263 cium
411 2187 578 2259 Rufum
601 2186 724 2258 retulit
748 2177 909 2270 licinius,
936 2181 979 2255 (l.
1006 2183 1177 2256 Julian
1203 2186 1310 2257 Gne-

270 2315 417 2364 sarem
464 2289 735 2378 Strabonem
780 2283 1008 2373 Kordesius‚
1049 2285 1310 2360 &Titium

267 2393 493 2479 Wetzelius,
525 2388 573 2462 G.
608 2389 821 2460 Asinium
851 2386 1111 2458 Pollionem
1144 2388 1309 2460 Eclubar·

268 2497 338 2568 dos
361 2517 437 2565 non
459 2493 685 2583 improbante
710 2489 919 2577 Kordesio3
940 2512 1094 2582 quorum
1119 2492 1309 2583 opiniones
1354 2483 1358 2490 ’

267 2597 330 2689 qui
354 2596 482 2669 merite
506 2594 716 2664 refellerent
739 2595 810 2662 iam
835 2593 984 2661 fuerunt
997 2589 1075 2686 ²²⁸).

367 2696 528 2767 Fabulae
552 2697 738 2765 trabeatus
758 2691 801 2764 (l.
822 2691 1059 2764 Melissum
1085 2693 1240 2785 primm
1260 2718 1310 2766 oe

264 2800 421 2872 fumasse
447 2799 564 2868 uum
588 2797 722 2866 fecisse
748 2796 821 2866 iam
841 2795 1043 2866 didicimus.

365 2899 534 2992 Togatae
558 2899 782 2969 tabernarius
801 2897 961 2986 perinde,
987 2906 1027 2967 ut
1047 2904 1306 2988 praetextatas,

264 3003 418 3095 primum
443 3001 632 3091 scripsisse
657 3006 744 3090 puto
765 2995 998 3070 Naevium.
1049 2998 1156 3083 Nam,
1182 3007 1224 3068 ul
1239 3001 1302 3068 mi-

264 3127 333 3174 uus
359 3103 664 3186 remansuram,
691 3100 814 3170 docuit
837 3100 868 3169 is
895 3097 1172 3170 Clastidium
1197 3103 1306 3171 solur-

262 3207 349 3278 lum.
387 3205 500 3296 Atqui
532 3200 746 3274 Clastidium
779 3209 857 3272 erat
881 3202 1051 3290 oppidum
1079 3198 1223 3273 Galbae
1248 3212 1301 3272 tn·

169 3337 170 3342 ¹
263 3316 381 3400 galee.
423 3305 520 3386 Quid
547 3305 658 3397 igitur
683 3303 905 3394 probabilius
931 3325 1012 3372 esse
1037 3311 1167 3392 potest,
1194 3325 1309 3404 qpem

261 3410 425 3480 fabulam
455 3409 552 3477 illem
577 3407 693 3477 fuisse
724 3400 909 3495 togataml
939 3403 1068 3495 ltaque
1095 3405 1203 3474 etium
1229 3413 1301 3474 ste·

261 3518 364 3580 tuero
388 3509 521 3594 licebit,
547 3508 642 3578 hunc
667 3507 813 3597 politam
839 3527 912 3574 non
938 3506 1054 3596 magis
1076 3506 1113 3574 in
1133 3506 1299 3595 palliatis,

262 3633 369 3703 quam
402 3611 439 3680 in
471 3610 624 3702 tegetis,
662 3608 819 3676 civitatis
857 3606 1036 3696 principes
1075 3609 1300 3678 coutumeliis

261 3712 526 3804 perstrinxisse.
559 3710 683 3801 Atque
708 3709 853 3778 omnino
874 3708 1023 3778 fabulae
1044 3715 1191 3800 togatae
1212 3709 1301 3782 mibi

260 3814 399 3886 initium
420 3813 560 3903 cepisse
580 3812 749 3881 videntur
762 3811 833 3880 boc
847 3809 966 3880 modo.
992 3808 1167 3897 Naevius,
1188 3809 1297 3881 bomo

345 4025 419 4110 227)
444 4028 552 4090 Vindio.
578 4035 653 4110 trag.
680 4029 762 4088 Rom.
793 4049 821 4106 p.
847 4035 898 4087 11.
919 4059 962 4070 -
1000 4022 1297 4106 etelwoldus.

259 4115 390 4196 langiu
412 4113 520 4174 Vindio.
543 4121 618 4195 teng.
640 4114 723 4172 Rom.
745 4120 843 4192 p.1⁴;
874 4111 993 4170 Bntbius
1010 4112 1047 4170 cd
1065 4112 1203 4194 Tragion.
1227 4113 1296 4173 Lat.

179 4269 183 4276 ι
258 4199 387 4282 fregmm.
409 4221 437 4281 p.
451 4204 529 4272 2553
555 4199 711 4258 llllcndtiue
732 4199 769 4257 cd
790 4197 850 4256 Cic.
871 4197 956 4256 Brut.
973 4194 1066 4255 XLV.
1254 4195 1274 4260 l
