2938 4848
258 361 315 440 oo

1460 425 1461 480 l

260 543 345 632 post
363 539 590 612 comoediam
615 539 726 614 etiam
750 541 843 615 alias
859 542 1010 616 'fabulas
1030 544 1243 636 protulisse,
1273 545 1319 620 ξ.

1460 773 1461 846 l

1460 911 1461 976 l

262 640 690 734 quibas-.erintbouioae
721 666 865 737 quoque
895 645 1041 718 inerint
1094 645 1145 718 llt
1169 649 1319 721 ineerta

262 742 408 836 quidem
431 766 492 815 res
517 752 659 832 manet,
683 767 770 817 norm
791 743 950 819 Romani
974 746 1083 818 etiam
1102 747 1227 820 Latini
1253 773 1318 822 an-

261 844 425 936 gumenti
455 843 603 917 fabulas
625 846 888 918 Rhiuthonieas
920 869 1080 941 unquam
1105 848 1316 940 habuerint,

260 946 348 1017 lieet
372 968 438 1036 per
463 968 504 1017 se
530 948 609 1017 veri
635 971 708 1018 oon
734 949 908 1020 dissimile
923 949 999 1037 sit,
1031 949 1111 1024 fieri
1133 952 1316 1042 potuisse,

262 1055 303 1118 ut
328 1046 505 1120 eiusmodi
521 1050 670 1120 fabulam
696 1050 930 1136 exsisterent,
956 1058 996 1122 ut
1017 1073 1066 1122 ex
1081 1051 1151 1124 boo
1165 1075 1317 1146 qnoque

254 1171 397 1246 'genere
422 1161 543 1220 esseut
560 1149 735 1238 Latinae,
761 1173 854 1243 qnae
874 1148 1027 1224 Graecis
1046 1156 1318 1244 responderent
1460 1175 1461 1256 l

265 1256 302 1320 et
327 1250 362 1319 in
389 1258 533 1344 togatas
558 1253 774 1346 peterendae
800 1261 931 1327 essent.
995 1252 1073 1324 seo
1098 1256 1130 1324 si
1156 1257 1316 1328 veroid

263 1353 403 1423 laetum
422 1359 544 1439 osset,
570 1354 748 1446 suspirari
770 1355 914 1447 quidem
941 1354 1199 1445 etiamlioeat,
1225 1358 1314 1429 illos
1359 1384 1365 1394 ·

264 1451 349 1524 huie
373 1475 515 1546 quoque
541 1455 667 1547 generi
683 1454 808 1527 Latini
834 1456 1053 1548 argumenti,
1079 1464 1120 1526 ut
1140 1459 1313 1548 caeteris,

264 1577 399 1624 novum
425 1555 635 1626 inventuros
659 1558 774 1627 fuisse
799 1579 950 1644 nomen,
984 1579 1051 1628 nae
1076 1555 1312 1648 Diomedem,

264 1656 326 1748 qui
344 1655 500 1726 Romani
521 1660 729 1754 'argumenti
744 1660 889 1730 fabulas
915 1681 998 1730 eum
1019 1655 1174 1736 Graecis
1192 1661 1312 1733 liben-

265 1765 331 1828 ter.
346 1771 548 1848 comparat,
585 1759 847 1832 ilbiuthonioas
871 1783 1021 1852 prorsus
1046 1763 1199 1834 intactas
1225 1763 1312 1834 reli·

264 1868 404 1930 oturnm
429 1861 555 1934 fuisse.

757 2074 824 2184 m.

367 2231 448 2311 Iam
469 2233 578 2306 lieeat
598 2232 794 2327 praecipua
817 2254 955 2321 eorum,
976 2253 1070 2326 qnae
1083 2231 1310 2305 demonstra·

264 2333 363 2408 visse
383 2336 488 2406 nobis
510 2335 685 2424 videmur,
700 2335 825 2429 paneis
839 2342 1015 2428 repetere.
1047 2333 1190 2406 Fabula
1203 2341 1310 2428 toga·

265 2445 314 2524 ta,
342 2436 452 2509 ouius·
467 2446 718 2530 argumentum
740 2446 818 2508 erat
829 2435 1054 2524 Romanum,
1072 2445 1121 2508 ¹ut
1137 2437 1310 2528 palliatae

266 2533 463 2625 Graecum,
485 2540 647 2630 perinde,
669 2563 713 2610 ao
728 2541 889 2636 palliata,
904 2540 1085 2614 latioreet
1098 2539 1310 2630 angustiore

194 2646 196 2650 ’
265 2640 527 2738 significatione
542 2643 794 2731 usurpabatur.
820 2639 970 2712 Latiore
985 2639 1248 2732 significatione
1262 2663 1309 2711 ea

263 2763 331 2832 pro
363 2741 498 2840 triplici
519 2743 642 2834 populi
663 2741 820 2812 Romani
857 2743 982 2818 ordine
1004 2741 1241 2832 dividebatur
1269 2742 1309 2842 in

265 2849 542 2937 praetextatam,
564 2845 774 2930 trabeatam,
797 2845 1037 2916 tabernariam
1053 2844 1136 2943 sive
1147 2850 1308 2936 togatam

265 2944 475 3037 augustiore
489 2945 764 3037 significatione.
779 2939 1040 3031 Praetextatis,
1055 2951 1312 3036 praeterquam·

265 3046 361 3140 qood
376 3046 485 3133 etiam
499 3039 607 3140 'regas
635 3055 671 3116 et
692 3047 890 3118 acrioribus
910 3048 1131 3137 temporibus
1153 3046 1307 3140 impera·

265 3155 363 3243 tores
384 3171 527 3242 quoque
549 3149 586 3219 iu
607 3148 652 3226 iis
673 3149 1002 3236 introducebantur,
1023 3149 1198 3239 imprimis
1215 3151 1306 3228 ordo

264 3250 467 3322 senatorius
489 3257 701 3342 argumenta
726 3251 996 3342 suppeditabat3
1022 3249 1194 3320 trabeatis
1215 3251 1306 3321 ordo

264 3359 451 3445 equester3
466 3352 681 3428 tabernariis
696 3355 785 3426 ordo
801 3351 975 3444 plebeius.
1003 3350 1115 3428 Quod
1129 3352 1176 3422 ad
1191 3352 1306 3448 digni·

263 3460 375 3524 tatem
389 3459 426 3523 et
444 3454 599 3526 formam
622 3455 760 3541 attinet,
781 3443 1186 3546 'praetextatae-similes
1204 3459 1308 3528 erant

263 3554 473 3647 tragoediis,
501 3556 666 3648 aquibus
682 3579 725 3626 eo
742 3553 966 3642 differebant,
984 3557 1083 3648 quod
1101 3556 1305 3648 tragoedia·

262 3678 343 3726 rum
369 3665 618 3748 argumentum
645 3665 722 3727 erat
748 3657 961 3746 mythicum,
1003 3657 1156 3749 ideoque
1181 3679 1306 3748 perso·

262 3779 351 3843 nae,
378 3754 571 3844 humanam
593 3758 834 3830 conditionem
855 3764 1085 3856 superantes,
1113 3759 1150 3827 iu
1164 3759 1209 3828 iis
1223 3780 1306 3851 pro-

260 3859 456 3947 cedebant,
489 3861 527 3930 in
552 3861 787 3952 praetextatis
813 3865 939 3929 eontra
959 3882 1149 3951 personae,
1164 3859 1306 3932 histori-

264 3982 348 4049 eae3
388 3963 574 4031 trabeatae
607 3962 804 4032 comoediis
832 3958 987 4034 Graeois
1019 3963 1155 4034 similes
1191 3953 1306 4050 erant,

262 4063 334 4132 nisi
359 4063 457 4156 qood
478 4063 535 4133 his
560 4065 749 4157 graviores
773 4063 891 4135 fnisse
916 4067 1100 4155 putandae
1126 4071 1229 4153 sunt3
1253 4075 1306 4135 ta-

264 4164 453 4236 bernariae
469 4166 667 4237 comoediis
683 4161 838 4240 Graecis
861 4174 964 4238 erant
983 4189 1102 4260 pares,
1128 4167 1307 4240 mama
