2932 4842
271 398 354 474 loa

273 581 329 643 tur,
351 577 381 630 et
402 569 639 641 momenmentum,
662 588 716 648 qno
738 588 829 650 rugae
852 568 1052 627 extendantur.
1082 564 1217 626 Afranius
1229 585 1314 627 manr-

205 705 206 710 ι
271 656 346 717 festo
368 654 501 737 figurate,
519 655 644 735 ,priorem
666 655 795 715 vocabuli
816 651 1052 734 significationem
1069 651 1232 731 respiciens,
1254 659 1315 710 ten·

273 743 406 822 tipellium
430 762 480 820 pro
503 741 630 799 manibus
652 740 824 799 deformibus
846 758 879 796 ac
901 737 1063 817 praeduris,
1085 743 1117 794 ut
1138 745 1204 815 apte
1226 736 1315 816 expli·

273 848 338 888 care
366 827 477 886 videtur
504 826 639 896 Botbius‚
670 827 774 904 posuit.
818 824 957 904 Figurate
986 823 1052 882 item
1076 821 1217 880 'litioium
1238 821 1315 881 locu-

272 922 330 971 tum
352 931 425 981 esse,
447 913 533 969 Festo
555 912 672 969 eredere
693 909 773 981 licet3
803 909 853 968 sed
876 909 960 967 nihilo
987 908 1078 966 minus
1100 907 1218 965 Verrius
1238 913 1315 966 recte

273 1019 309 1056 ex
332 996 393 1054 eius
414 996 507 1056 verbis
528 995 671 1055 iudicavit.
716 953 791 1060 Quid
812 1000 905 1053 autem
927 1012 994 1054 vere
1015 1013 1033 1051 a
1053 991 1222 1064 Titinio,
1198 1012 1223 1050 si
1243 1013 1315 1072 τρο-

273 1083 367 1153 πικῶς
387 1081 474 1141 verba
496 1081 551 1138 ista
573 1080 699 1161 protulit,
722 1078 913 1160 significatum
934 1077 981 1149 sit,
1003 1097 1060 1135 non
1082 1095 1199 1155 prorsus
1217 1076 1313 1154 liquet.

272 1168 409 1226 Fortasse
431 1166 515 1225 alicui
538 1185 570 1223 os
592 1165 752 1225 illinebatur
773 1164 849 1238 luto,
871 1163 957 1241 quod,
979 1181 1062 1241 quum
1084 1181 1119 1220 eo
1141 1180 1232 1242 rugae
1250 1181 1315 1222 eva·

273 1258 431 1324 noscerent,
454 1251 638 1330 tentipellium
659 1249 819 1328 appellavit.

654 1487 657 1492 ,
757 1409 835 1468 xiv.

357 1544 476 1604 Pardlus
496 1563 534 1602 ex
554 1545 658 1602 Festo·
684 1542 917 1615 „Vibrissare
939 1549 983 1600 est
1003 1561 1101 1603 vocem
1122 1541 1152 1599 in
1173 1541 1313 1600 cantando

273 1629 408 1708 crispare.
452 1629 596 1689 Titinius·

325 1715 368 1785 Si
383 1714 451 1784 erit
465 1712 529 1783 tibi
544 1715 770 1799 cantandum,
796 1712 908 1782 facito
927 1733 1041 1804 usquc
1057 1710 1287 1782 exvibrisses.
1290 1715 1314 1753 “

274 1817 412 1876 Ducarius
433 1817 487 1875 b'o'o
507 1815 697 1898 fragmentum
720 1815 939 1894 componendum
961 1814 1071 1892 putavit
1091 1834 1151 1872 cum
1173 1833 1218 1884 eo,
1240 1812 1314 1891 quod

275 1903 409 1962 decimum
441 1903 532 1960 locum
560 1902 634 1982 apud
660 1919 713 1958 nos
746 1908 874 1978 occupat.
917 1900 976 1958 Res
1010 1906 1055 1957 est
1087 1899 1185 1970 dubia3
1219 1916 1314 1976 quaru-

275 2005 355 2067 quam
377 1987 423 2045 hic
445 1985 556 2066 quoque
576 2005 690 2056 versus,
718 1992 750 2043 ut
770 1984 833 2056 ille,
863 1984 929 2042 ad'
920 2000 1063 2055 iuvenem,
1091 1983 1136 2042 cui
1162 1983 1192 2040 iu
1214 1979 1314 2041 Setina

275 2072 391 2132 mollitia
412 2072 645 2150 exprobrabatur,
666 2069 777 2131 videtur
798 2070 950 2148 pertinere.

762 2238 826 2297 XV.

294 2441 297 2452 ‚
359 2372 475 2436 Paullus
502 2355 539 2432 es
566 2365 668 2434 Festo:
706 2373 861 2448 ,‚Mirior
890 2372 1021 2432 dicebaut
1051 2369 1268 2458 comparativum
1295 2388 1313 2428 a

275 2460 355 2524 miro.
400 2458 542 2521 Titinius:

1093 2582 1145 2594 --
1169 2531 1312 2625 Mitior,

349 2644 512 2735 linquam,
539 2644 603 2714 tibi
627 2646 793 2716 videor.“
818 2686 869 2698 -

756 2821 834 2881 XVl.

360 2939 464 2998 Festus
487 2960 514 3000 v.
537 2939 719 2998 Osculana
739 2959 874 3021 pugna,
896 2940 998 2998 Sched.
1020 2957 1048 3018 p.
1063 2945 1102 3000 86
1125 2937 1170 2996 ed.
1192 2937 1311 2996 Decem:

276 3024 487 3098 ,‚0seulana
507 3044 626 3105 pugna
647 3025 675 3083 iu
698 3025 861 3103 proverbio,
894 3045 948 3103 quo
971 3022 1199 3106 significabatur,
1220 3022 1311 3082 victos

275 3109 405 3182 vincere3
433 3109 499 3188 quie
521 3110 549 3168 ia
571 3110 667 3169 eadem
689 3116 719 3168 et
739 3111 868 3169 Valerius
889 3109 1048 3180 Laevinus,
1079 3108 1231 3187 imperator
1252 3107 1311 3164 llo·

275 3214 389 3267 ananus,
420 3195 569 3272 aPyrrbo
591 3202 655 3254 erat
674 3194 780 3266 vietus,
808 3202 838 3255 et
865 3194 944 3255 brevi
972 3194 1089 3254 eundem
1116 3212 1214 3272 regem
1236 3190 1311 3252 devi-

276 3287 363 3340 cerat.
400 3278 541 3358 Sulpicius
563 3315 916 3339 ............
938 3279 1005 3338 item
1031 3280 1182 3356 imperator
1203 3283 1310 3336 noster.

275 3364 344 3424 Eius
365 3364 408 3422 rei
429 3365 554 3424 meminit
574 3363 701 3423 Titinius
722 3364 776 3423 boc
798 3365 894 3423 modo:

317 3449 415 3508 Haec
436 3449 575 3527 quidem
597 3449 699 3527 quasi
726 3449 906 3508 Osculana
926 3466 1045 3528 pugna
1067 3451 1124 3506 est
1146 3487 1310 3504 ......

318 3552 586 3593 ..r..secns
620 3534 704 3612 quia
734 3533 816 3593 binc
848 3532 978 3613 fugere
1015 3530 1159 3610 impulsi
1192 3529 1312 3609 spolia

318 3616 510 3697 colligunt.

277 3699 428 3782 Significat
455 3702 540 3761 etiam
561 3701 684 3761 osculum
706 3702 849 3774 suavium3
881 3708 913 3760 ut
933 3701 1088 3773 Plautus,“
1118 3706 1148 3760 et
1174 3719 1246 3779 quae
1267 3719 1312 3758 se·

276 3792 406 3863 quantur.
444 3787 546 3846 Sebed.
574 3788 610 3846 Η.
639 3806 665 3865 q.
694 3807 721 3866 q.
754 3789 788 3846 0.
816 3807 935 3868 pugna
957 3793 1013 3845 est
1035 3829 1043 3844 .
1066 3812 1075 3845 ι
1097 3828 1104 3844 .
1128 3829 1136 3844 .
1160 3827 1167 3843 .
1190 3804 1310 3855 secus,

276 3870 357 3949 quia
379 3869 412 3928 in
433 3869 562 3952 fugere
584 3872 678 3950 polsi
700 3872 781 3931 hinc
803 3872 923 3951 spolia
943 3871 1133 3952 colligant.
1165 3868 1311 3950 Scaliger:

275 3955 491 4026 „.0seulena
519 3955 577 4014 Pro
597 3957 811 4016 Ausculana
843 3957 924 4023 Quae
945 3957 1056 4028 desunt,
1077 3956 1118 4014 ita
1138 3955 1201 4034 plus
1221 3954 1312 4014 miuus

275 3996 385 4119 'expleri
415 4059 499 4117 posse
530 4041 669 4102 videntur.
713 4040 911 4119 Sulpitius:
942 4040 1313 4120 Pyrrhumvictorem

275 4124 368 4185 vicit
394 4123 479 4184 item
511 4126 711 4205 imperator
741 4133 881 4185 noster.
925 4125 1030 4186 Titinii
1056 4143 1155 4187 versus
1176 4143 1234 4184 uon
1255 4129 1313 4232 tam

276 4207 378 4270 divulsi
397 4217 473 4281 sunt,
495 4228 577 4288 quam
597 4211 716 4271 bennae
735 4209 915 4291 praeferunt.
