<?xml version="1.0" encoding="UTF-8"?>
<!DOCTYPE html PUBLIC "-//W3C//DTD XHTML 1.0 Transitional//EN"
    "http://www.w3.org/TR/xhtml1/DTD/xhtml1-transitional.dtd">
<html xmlns="http://www.w3.org/1999/xhtml" xml:lang="en" lang="en">
 <head>
  <title>
</title>
<meta http-equiv="Content-Type" content="text/html;charset=utf-8" />
  <meta name='ocr-system' content='tesseract 3.04.00' />
  <meta name='ocr-capabilities' content='ocr_page ocr_carea ocr_par ocr_line ocrx_word'/>
</head>
<body>
  <div class='ocr_page' id='page_1' title='image "./defabulatogatar01neukgoog_0113.png"; bbox 0 0 2932 4842; ppageno 0'>
   <div class='ocr_carea' id='block_1_1' title="bbox 267 359 322 436">
    <p class='ocr_par' dir='ltr' id='par_1_1' title="bbox 267 359 322 436">
     <span class='ocr_line' id='line_1_1' title="bbox 267 359 322 436; baseline 0 0"><span class='ocrx_word' id='word_1_1' title='bbox 267 359 322 436; x_wconf 89' lang='grc'><strong>90</strong></span> 
     </span>
    </p>
   </div>
   <div class='ocr_carea' id='block_1_2' title="bbox 270 530 1369 1948">
    <p class='ocr_par' dir='ltr' id='par_1_2' title="bbox 270 530 1322 1037">
     <span class='ocr_line' id='line_1_2' title="bbox 271 530 1321 620; baseline -0.008 -13"><span class='ocrx_word' id='word_1_2' title='bbox 271 535 425 608; x_wconf 78' lang='lat' dir='ltr'><strong>chenus.</strong></span> <span class='ocrx_word' id='word_1_3' title='bbox 453 530 608 620; x_wconf 86' lang='lat' dir='ltr'><strong>„Voluit</strong></span> <span class='ocrx_word' id='word_1_4' title='bbox 633 533 718 604; x_wconf 82' lang='lat' dir='ltr'><strong>allia</strong></span> <span class='ocrx_word' id='word_1_5' title='bbox 736 530 968 604; x_wconf 76' lang='lat' dir='ltr'><strong>Titinius-</strong></span> <span class='ocrx_word' id='word_1_6' title='bbox 995 531 1111 602; x_wconf 89' lang='lat' dir='ltr'><strong>instar</strong></span> <span class='ocrx_word' id='word_1_7' title='bbox 1134 537 1321 602; x_wconf 87' lang='lat' dir='ltr'><strong>sertorum</strong></span> 
     </span>
     <span class='ocr_line' id='line_1_3' title="bbox 272 630 1320 724; baseline -0.007 -16"><span class='ocrx_word' id='word_1_8' title='bbox 272 647 309 708; x_wconf 93' lang='lat' dir='ltr'><strong>et</strong></span> <span class='ocrx_word' id='word_1_9' title='bbox 340 636 560 708; x_wconf 79' lang='lat' dir='ltr'><strong>cucullarum</strong></span> <span class='ocrx_word' id='word_1_10' title='bbox 592 638 705 723; x_wconf 85' lang='lat' dir='ltr'><strong>necti,</strong></span> <span class='ocrx_word' id='word_1_11' title='bbox 748 645 875 706; x_wconf 86' lang='lat' dir='ltr'><strong>contra</strong></span> <span class='ocrx_word' id='word_1_12' title='bbox 899 635 1123 705; x_wconf 82' lang='lat' dir='ltr'><strong>invasionem</strong></span> <span class='ocrx_word' id='word_1_13' title='bbox 1149 630 1320 724; x_wconf 83' lang='lat' dir='ltr'><strong>strigam.</strong></span> 
     </span>
     <span class='ocr_line' id='line_1_4' title="bbox 270 735 1322 810; baseline -0.007 0"><span class='ocrx_word' id='word_1_14' title='bbox 270 737 378 810; x_wconf 86' lang='lat' dir='ltr'><strong>Paris</strong></span> <span class='ocrx_word' id='word_1_15' title='bbox 404 739 603 808; x_wconf 77' lang='lat' dir='ltr'><strong>medicinae</strong></span> <span class='ocrx_word' id='word_1_16' title='bbox 630 745 756 807; x_wconf 89' lang='lat' dir='ltr'><strong>eontra</strong></span> <span class='ocrx_word' id='word_1_17' title='bbox 780 737 957 807; x_wconf 87' lang='lat' dir='ltr'><strong>maleficia</strong></span> <span class='ocrx_word' id='word_1_18' title='bbox 984 735 1098 806; x_wconf 86' lang='lat' dir='ltr'><strong>multa</strong></span> <span class='ocrx_word' id='word_1_19' title='bbox 1122 745 1322 805; x_wconf 84' lang='lat' dir='ltr'><strong>narrantur</strong></span> 
     </span>
     <span class='ocr_line' id='line_1_5' title="bbox 272 835 1321 935; baseline -0.008 -23"><span class='ocrx_word' id='word_1_20' title='bbox 272 865 294 912; x_wconf 87' lang='lat' dir='ltr'><strong>a</strong></span> <span class='ocrx_word' id='word_1_21' title='bbox 326 838 448 911; x_wconf 87' lang='lat' dir='ltr'><strong>Plinio</strong></span> <span class='ocrx_word' id='word_1_22' title='bbox 483 849 521 909; x_wconf 93' lang='lat' dir='ltr'><strong>et</strong></span> <span class='ocrx_word' id='word_1_23' title='bbox 550 835 728 910; x_wconf 84' lang='lat' dir='ltr'><strong>Marcello</strong></span> <span class='ocrx_word' id='word_1_24' title='bbox 762 837 990 935; x_wconf 85' lang='lat' dir='ltr'><strong>(Empirico).</strong></span> <span class='ocrx_word' id='word_1_25' title='bbox 1050 835 1172 928; x_wconf 87' lang='lat' dir='ltr'><strong>Supra</strong></span> <span class='ocrx_word' id='word_1_26' title='bbox 1206 835 1321 906; x_wconf 85' lang='lat' dir='ltr'><strong>Sere·</strong></span> 
     </span>
     <span class='ocr_line' id='line_1_6' title="bbox 272 939 594 1037; baseline -0.007 -25"><span class='ocrx_word' id='word_1_27' title='bbox 272 965 341 1013; x_wconf 88' lang='lat' dir='ltr'><strong>nus</strong></span> <span class='ocrx_word' id='word_1_28' title='bbox 368 941 417 1032; x_wconf 81' lang='lat' dir='ltr'><strong>(l.</strong></span> <span class='ocrx_word' id='word_1_29' title='bbox 436 939 483 1013; x_wconf 82' lang='lat'><strong>16</strong></span> <span class='ocrx_word' id='word_1_30' title='bbox 503 940 594 1037; x_wconf 51' lang='lat' dir='ltr'><strong>sqa)</strong></span> 
     </span>
    </p>

    <p class='ocr_par' dir='ltr' id='par_1_3' title="bbox 322 1040 1323 1136">
     <span class='ocr_line' id='line_1_7' title="bbox 322 1040 1323 1136; baseline -0.008 -20"><span class='ocrx_word' id='word_1_31' title='bbox 322 1043 409 1116; x_wconf 86' lang='lat' dir='ltr'><strong>Vel</strong></span> <span class='ocrx_word' id='word_1_32' title='bbox 440 1064 553 1136; x_wconf 86' lang='lat' dir='ltr'><strong>quae</strong></span> <span class='ocrx_word' id='word_1_33' title='bbox 585 1043 793 1134; x_wconf 81' lang='lat' dir='ltr'><strong>septenis</strong></span> <span class='ocrx_word' id='word_1_34' title='bbox 829 1046 1078 1112; x_wconf 79' lang='lat' dir='ltr'><strong>censentur</strong></span> <span class='ocrx_word' id='word_1_35' title='bbox 1110 1040 1323 1132; x_wconf 86' lang='lat' dir='ltr'><strong>gramina</strong></span> 
     </span>
    </p>

    <p class='ocr_par' dir='ltr' id='par_1_4' title="bbox 324 1143 1322 1417">
     <span class='ocr_line' id='line_1_8' title="bbox 805 1143 939 1214; baseline -0.015 -1"><span class='ocrx_word' id='word_1_36' title='bbox 805 1143 939 1214; x_wconf 88' lang='lat' dir='ltr'><strong>nodis</strong></span> 
     </span>
     <span class='ocr_line' id='line_1_9' title="bbox 324 1241 1322 1333; baseline -0.01 -13"><span class='ocrx_word' id='word_1_37' title='bbox 324 1245 517 1320; x_wconf 82' lang='lat' dir='ltr'><strong>Utiliter</strong></span> <span class='ocrx_word' id='word_1_38' title='bbox 555 1245 724 1333; x_wconf 86' lang='lat' dir='ltr'><strong>nectis,</strong></span> <span class='ocrx_word' id='word_1_39' title='bbox 771 1245 846 1315; x_wconf 88' lang='lat' dir='ltr'><strong>vel</strong></span> <span class='ocrx_word' id='word_1_40' title='bbox 878 1265 1016 1315; x_wconf 88' lang='lat' dir='ltr'><strong>corno</strong></span> <span class='ocrx_word' id='word_1_41' title='bbox 1057 1265 1112 1313; x_wconf 86' lang='lat' dir='ltr'><strong>ex</strong></span> <span class='ocrx_word' id='word_1_42' title='bbox 1151 1241 1322 1312; x_wconf 87' lang='lat' dir='ltr'><strong>arbore</strong></span> 
     </span>
     <span class='ocr_line' id='line_1_10' title="bbox 710 1334 1221 1417; baseline -0.008 0"><span class='ocrx_word' id='word_1_43' title='bbox 710 1344 714 1354; x_wconf 82' lang='lat'>&#39;</span> <span class='ocrx_word' id='word_1_44' title='bbox 807 1349 1021 1417; x_wconf 85' lang='lat' dir='ltr'><strong>sertum.“</strong></span> <span class='ocrx_word' id='word_1_45' title='bbox 1219 1334 1221 1346; x_wconf 76' lang='lat'>&#39;</span> 
     </span>
    </p>

    <p class='ocr_par' dir='ltr' id='par_1_5' title="bbox 274 1441 1369 1948">
     <span class='ocr_line' id='line_1_11' title="bbox 274 1441 1369 1540; baseline -0.005 -21"><span class='ocrx_word' id='word_1_46' title='bbox 274 1441 389 1519; x_wconf 80' lang='lat' dir='ltr'><strong>Aliud</strong></span> <span class='ocrx_word' id='word_1_47' title='bbox 422 1467 641 1538; x_wconf 84' lang='lat' dir='ltr'><strong>praenomen</strong></span> <span class='ocrx_word' id='word_1_48' title='bbox 673 1455 803 1540; x_wconf 72' lang='lat' dir='ltr'><strong>poetae</strong></span> <span class='ocrx_word' id='word_1_49' title='bbox 835 1446 935 1518; x_wconf 87' lang='lat' dir='ltr'><strong>dedit</strong></span> <span class='ocrx_word' id='word_1_50' title='bbox 962 1446 1079 1520; x_wconf 86' lang='lat' dir='ltr'><strong>Lilius</strong></span> <span class='ocrx_word' id='word_1_51' title='bbox 1113 1441 1322 1538; x_wconf 79' lang='lat' dir='ltr'><strong>Gregorius</strong></span> <span class='ocrx_word' id='word_1_52' title='bbox 1367 1443 1369 1449; x_wconf 78' lang='grc'>’</span> 
     </span>
     <span class='ocr_line' id='line_1_12' title="bbox 277 1545 1320 1640; baseline -0.006 -19"><span class='ocrx_word' id='word_1_53' title='bbox 277 1546 462 1640; x_wconf 69' lang='lat' dir='ltr'><strong>apuleus</strong></span> <span class='ocrx_word' id='word_1_54' title='bbox 488 1551 533 1618; x_wconf 87' lang='lat' dir='ltr'><strong>de</strong></span> <span class='ocrx_word' id='word_1_55' title='bbox 558 1546 705 1620; x_wconf 76' lang='lat' dir='ltr'><strong>Poetar.</strong></span> <span class='ocrx_word' id='word_1_56' title='bbox 732 1550 815 1621; x_wconf 86' lang='lat' dir='ltr'><strong>hist.</strong></span> <span class='ocrx_word' id='word_1_57' title='bbox 841 1546 969 1638; x_wconf 70' lang='lat' dir='ltr'><strong>vui,</strong></span> <span class='ocrx_word' id='word_1_58' title='bbox 1010 1545 1106 1640; x_wconf 85' lang='lat' dir='ltr'><strong>Opp.</strong></span> <span class='ocrx_word' id='word_1_59' title='bbox 1133 1545 1181 1618; x_wconf 89' lang='lat' dir='ltr'><strong>T.</strong></span> <span class='ocrx_word' id='word_1_60' title='bbox 1199 1545 1254 1618; x_wconf 86' lang='grc' dir='ltr'><strong>Π.</strong></span> <span class='ocrx_word' id='word_1_61' title='bbox 1283 1567 1320 1637; x_wconf 92' lang='lat' dir='ltr'><strong>p.</strong></span> 
     </span>
     <span class='ocr_line' id='line_1_13' title="bbox 274 1647 1324 1744; baseline -0.002 -22"><span class='ocrx_word' id='word_1_62' title='bbox 274 1651 371 1736; x_wconf 75' lang='lat'><strong>424,</strong></span> <span class='ocrx_word' id='word_1_63' title='bbox 398 1651 459 1744; x_wconf 86' lang='lat' dir='ltr'><strong>qui</strong></span> <span class='ocrx_word' id='word_1_64' title='bbox 482 1673 564 1720; x_wconf 91' lang='lat' dir='ltr'><strong>eum</strong></span> <span class='ocrx_word' id='word_1_65' title='bbox 586 1647 629 1720; x_wconf 80' lang='lat'><strong>0.</strong></span> <span class='ocrx_word' id='word_1_66' title='bbox 650 1649 876 1721; x_wconf 84' lang='lat' dir='ltr'><strong>Titinium</strong></span> <span class='ocrx_word' id='word_1_67' title='bbox 901 1651 1068 1743; x_wconf 84' lang='lat' dir='ltr'><strong>appellat.</strong></span> <span class='ocrx_word' id='word_1_68' title='bbox 1111 1648 1223 1727; x_wconf 75' lang='lat' dir='ltr'><strong>Quod</strong></span> <span class='ocrx_word' id='word_1_69' title='bbox 1245 1670 1324 1742; x_wconf 70' lang='lat' dir='ltr'><strong>qun</strong></span> 
     </span>
     <span class='ocr_line' id='line_1_14' title="bbox 274 1749 1322 1846; baseline 0.001 -25"><span class='ocrx_word' id='word_1_70' title='bbox 274 1753 490 1822; x_wconf 84' lang='lat' dir='ltr'><strong>anctoritate</strong></span> <span class='ocrx_word' id='word_1_71' title='bbox 514 1752 667 1840; x_wconf 85' lang='lat' dir='ltr'><strong>nitatur,</strong></span> <span class='ocrx_word' id='word_1_72' title='bbox 694 1774 752 1823; x_wconf 89' lang='lat' dir='ltr'><strong>me</strong></span> <span class='ocrx_word' id='word_1_73' title='bbox 772 1753 880 1846; x_wconf 85' lang='lat' dir='ltr'><strong>fugit.</strong></span> <span class='ocrx_word' id='word_1_74' title='bbox 929 1749 1142 1844; x_wconf 78' lang='lat' dir='ltr'><strong>cognomen</strong></span> <span class='ocrx_word' id='word_1_75' title='bbox 1168 1751 1201 1820; x_wconf 83' lang='lat' dir='ltr'><strong>ei</strong></span> <span class='ocrx_word' id='word_1_76' title='bbox 1227 1751 1322 1822; x_wconf 81' lang='lat' dir='ltr'><strong>fuis·</strong></span> 
     </span>
     <span class='ocr_line' id='line_1_15' title="bbox 277 1851 1321 1948; baseline -0.003 -22"><span class='ocrx_word' id='word_1_77' title='bbox 277 1863 333 1926; x_wconf 88' lang='lat' dir='ltr'><strong>set</strong></span> <span class='ocrx_word' id='word_1_78' title='bbox 357 1853 538 1948; x_wconf 84' lang='lat' dir='ltr'><strong>Longo,</strong></span> <span class='ocrx_word' id='word_1_79' title='bbox 571 1855 604 1925; x_wconf 91' lang='lat' dir='ltr'><strong>si</strong></span> <span class='ocrx_word' id='word_1_80' title='bbox 628 1877 757 1924; x_wconf 86' lang='lat' dir='ltr'><strong>verum</strong></span> <span class='ocrx_word' id='word_1_81' title='bbox 783 1863 897 1942; x_wconf 86' lang='lat' dir='ltr'><strong>esset,</strong></span> <span class='ocrx_word' id='word_1_82' title='bbox 931 1857 1030 1948; x_wconf 88' lang='lat' dir='ltr'><strong>quod</strong></span> <span class='ocrx_word' id='word_1_83' title='bbox 1052 1852 1223 1946; x_wconf 84' lang='lat' dir='ltr'><strong>perhibet·</strong></span> <span class='ocrx_word' id='word_1_84' title='bbox 1239 1851 1321 1924; x_wconf 85' lang='lat' dir='ltr'><strong>An·</strong></span> 
     </span>
    </p>
   </div>
   <div class='ocr_carea' id='block_1_3' title="bbox 276 1953 1459 2151">
    <p class='ocr_par' dir='ltr' id='par_1_6' title="bbox 276 1953 1459 2151">
     <span class='ocr_line' id='line_1_16' title="bbox 278 1953 1459 2060; baseline -0.006 -32"><span class='ocrx_word' id='word_1_85' title='bbox 278 1958 385 2028; x_wconf 86' lang='lat' dir='ltr'><strong>dreas</strong></span> <span class='ocrx_word' id='word_1_86' title='bbox 411 1956 584 2028; x_wconf 75' lang='lat' dir='ltr'><strong>schottus</strong></span> <span class='ocrx_word' id='word_1_87' title='bbox 617 1957 663 2026; x_wconf 89' lang='lat' dir='ltr'><strong>de</strong></span> <span class='ocrx_word' id='word_1_88' title='bbox 688 1954 826 2028; x_wconf 85' lang='lat' dir='ltr'><strong>Priscis</strong></span> <span class='ocrx_word' id='word_1_89' title='bbox 851 1953 958 2027; x_wconf 84' lang='lat' dir='ltr'><strong>Rom.</strong></span> <span class='ocrx_word' id='word_1_90' title='bbox 983 1955 1151 2050; x_wconf 88' lang='lat' dir='ltr'><strong>gentibus</strong></span> <span class='ocrx_word' id='word_1_91' title='bbox 1183 1975 1228 2024; x_wconf 89' lang='lat' dir='ltr'><strong>ac</strong></span> <span class='ocrx_word' id='word_1_92' title='bbox 1262 1956 1322 2024; x_wconf 86' lang='lat' dir='ltr'><strong>fa·</strong></span> <span class='ocrx_word' id='word_1_93' title='bbox 1458 2005 1459 2060; x_wconf 46' lang='lat'>3</span> 
     </span>
     <span class='ocr_line' id='line_1_17' title="bbox 276 2054 1459 2151; baseline -0.005 -22"><span class='ocrx_word' id='word_1_94' title='bbox 276 2059 384 2129; x_wconf 89' lang='lat' dir='ltr'><strong>miliis</strong></span> <span class='ocrx_word' id='word_1_95' title='bbox 417 2079 453 2129; x_wconf 87' lang='lat' dir='ltr'><strong>v.</strong></span> <span class='ocrx_word' id='word_1_96' title='bbox 481 2056 660 2127; x_wconf 86' lang='lat' dir='ltr'><strong>Titinia</strong></span> <span class='ocrx_word' id='word_1_97' title='bbox 691 2081 820 2151; x_wconf 89' lang='lat' dir='ltr'><strong>gens,</strong></span> <span class='ocrx_word' id='word_1_98' title='bbox 860 2058 1044 2150; x_wconf 85' lang='lat' dir='ltr'><strong>proprium</strong></span> <span class='ocrx_word' id='word_1_99' title='bbox 1075 2057 1191 2127; x_wconf 88' lang='lat' dir='ltr'><strong>fuisse</strong></span> <span class='ocrx_word' id='word_1_100' title='bbox 1223 2054 1342 2127; x_wconf 70' lang='lat' dir='ltr'><strong>Titi·</strong></span> <span class='ocrx_word' id='word_1_101' title='bbox 1458 2067 1459 2074; x_wconf 77' lang='grc'>’</span> 
     </span>
    </p>
   </div>
   <div class='ocr_carea' id='block_1_4' title="bbox 276 2157 1323 3060">
    <p class='ocr_par' dir='ltr' id='par_1_7' title="bbox 276 2157 1323 3060">
     <span class='ocr_line' id='line_1_18' title="bbox 276 2157 1323 2252; baseline 0.001 -23"><span class='ocrx_word' id='word_1_102' title='bbox 276 2161 362 2229; x_wconf 83' lang='lat' dir='ltr'><strong>nine</strong></span> <span class='ocrx_word' id='word_1_103' title='bbox 394 2159 512 2251; x_wconf 90' lang='lat' dir='ltr'><strong>gentis</strong></span> <span class='ocrx_word' id='word_1_104' title='bbox 545 2166 684 2230; x_wconf 88' lang='lat' dir='ltr'><strong>tantum</strong></span> <span class='ocrx_word' id='word_1_105' title='bbox 717 2181 925 2252; x_wconf 75' lang='lat' dir='ltr'><strong>cognomen</strong></span> <span class='ocrx_word' id='word_1_106' title='bbox 943 2159 1103 2252; x_wconf 89' lang='lat' dir='ltr'><strong>Longi.</strong></span> <span class='ocrx_word' id='word_1_107' title='bbox 1156 2157 1323 2230; x_wconf 80' lang='lat' dir='ltr'><strong>Fuerunt</strong></span> 
     </span>
     <span class='ocr_line' id='line_1_19' title="bbox 278 2261 1320 2354; baseline 0.001 -23"><span class='ocrx_word' id='word_1_108' title='bbox 278 2268 400 2332; x_wconf 89' lang='lat' dir='ltr'><strong>autem</strong></span> <span class='ocrx_word' id='word_1_109' title='bbox 439 2261 511 2331; x_wconf 89' lang='lat' dir='ltr'><strong>alia</strong></span> <span class='ocrx_word' id='word_1_110' title='bbox 543 2283 684 2354; x_wconf 87' lang='lat' dir='ltr'><strong>quoque</strong></span> <span class='ocrx_word' id='word_1_111' title='bbox 713 2263 932 2354; x_wconf 89' lang='lat' dir='ltr'><strong>cognomina</strong></span> <span class='ocrx_word' id='word_1_112' title='bbox 967 2263 1004 2331; x_wconf 92' lang='lat' dir='ltr'><strong>in</strong></span> <span class='ocrx_word' id='word_1_113' title='bbox 1037 2263 1164 2332; x_wconf 88' lang='lat' dir='ltr'><strong>eadem</strong></span> <span class='ocrx_word' id='word_1_114' title='bbox 1197 2273 1320 2352; x_wconf 82' lang='lat' dir='ltr'><strong>gente.</strong></span> 
     </span>
     <span class='ocr_line' id='line_1_20' title="bbox 276 2358 1321 2454; baseline -0.003 -19"><span class='ocrx_word' id='word_1_115' title='bbox 276 2362 362 2435; x_wconf 76' lang='lat' dir='ltr'><strong>vic.</strong></span> <span class='ocrx_word' id='word_1_116' title='bbox 405 2358 604 2454; x_wconf 84' lang='lat' dir='ltr'><strong>Glandorp.</strong></span> <span class='ocrx_word' id='word_1_117' title='bbox 646 2359 834 2436; x_wconf 83' lang='lat' dir='ltr'><strong>Onomast.</strong></span> <span class='ocrx_word' id='word_1_118' title='bbox 868 2387 902 2434; x_wconf 86' lang='lat' dir='ltr'><strong>v.</strong></span> <span class='ocrx_word' id='word_1_119' title='bbox 925 2361 1136 2435; x_wconf 89' lang='lat' dir='ltr'><strong>Titinnii.</strong></span> <span class='ocrx_word' id='word_1_120' title='bbox 1202 2359 1321 2432; x_wconf 85' lang='lat' dir='ltr'><strong>Recte</strong></span> 
     </span>
     <span class='ocr_line' id='line_1_21' title="bbox 277 2461 1319 2553; baseline 0 -20"><span class='ocrx_word' id='word_1_121' title='bbox 277 2487 366 2534; x_wconf 85' lang='lat' dir='ltr'><strong>vero</strong></span> <span class='ocrx_word' id='word_1_122' title='bbox 393 2465 489 2533; x_wconf 91' lang='lat' dir='ltr'><strong>idem</strong></span> <span class='ocrx_word' id='word_1_123' title='bbox 509 2463 682 2536; x_wconf 83' lang='lat' dir='ltr'><strong>Schottus</strong></span> <span class='ocrx_word' id='word_1_124' title='bbox 707 2489 855 2536; x_wconf 86' lang='lat' dir='ltr'><strong>monere</strong></span> <span class='ocrx_word' id='word_1_125' title='bbox 879 2467 1041 2553; x_wconf 85' lang='lat' dir='ltr'><strong>videtur,</strong></span> <span class='ocrx_word' id='word_1_126' title='bbox 1067 2462 1215 2534; x_wconf 89' lang='lat' dir='ltr'><strong>Livium</strong></span> <span class='ocrx_word' id='word_1_127' title='bbox 1241 2461 1319 2534; x_wconf 86' lang='grc' dir='ltr'><strong>ΙΙΙ.</strong></span> 
     </span>
     <span class='ocr_line' id='line_1_22' title="bbox 279 2563 1320 2662; baseline -0.003 -26"><span class='ocrx_word' id='word_1_128' title='bbox 279 2565 363 2662; x_wconf 75' lang='grc'><strong>(24)</strong></span> <span class='ocrx_word' id='word_1_129' title='bbox 390 2573 426 2636; x_wconf 89' lang='lat' dir='ltr'><strong>et</strong></span> <span class='ocrx_word' id='word_1_130' title='bbox 451 2564 497 2635; x_wconf 83' lang='lat' dir='ltr'><strong>V.</strong></span> <span class='ocrx_word' id='word_1_131' title='bbox 525 2565 607 2661; x_wconf 76' lang='lat'><strong>(12)</strong></span> <span class='ocrx_word' id='word_1_132' title='bbox 635 2573 819 2637; x_wconf 85' lang='lat' dir='ltr'><strong>auctorem</strong></span> <span class='ocrx_word' id='word_1_133' title='bbox 844 2567 1015 2652; x_wconf 85' lang='lat' dir='ltr'><strong>laudans,</strong></span> <span class='ocrx_word' id='word_1_134' title='bbox 1053 2574 1198 2659; x_wconf 85' lang='lat' dir='ltr'><strong>gentem</strong></span> <span class='ocrx_word' id='word_1_135' title='bbox 1224 2563 1320 2634; x_wconf 89' lang='lat' dir='ltr'><strong>Titi-</strong></span> 
     </span>
     <span class='ocr_line' id='line_1_23' title="bbox 278 2666 1319 2760; baseline 0.003 -26"><span class='ocrx_word' id='word_1_136' title='bbox 278 2667 375 2736; x_wconf 88' lang='lat' dir='ltr'><strong>niam</strong></span> <span class='ocrx_word' id='word_1_137' title='bbox 406 2667 563 2737; x_wconf 83' lang='lat' dir='ltr'><strong>familias</strong></span> <span class='ocrx_word' id='word_1_138' title='bbox 596 2668 767 2739; x_wconf 84' lang='lat' dir='ltr'><strong>habuisse</strong></span> <span class='ocrx_word' id='word_1_139' title='bbox 799 2685 836 2738; x_wconf 86' lang='lat' dir='ltr'><strong>et</strong></span> <span class='ocrx_word' id='word_1_140' title='bbox 866 2669 1036 2760; x_wconf 87' lang='lat' dir='ltr'><strong>patricias</strong></span> <span class='ocrx_word' id='word_1_141' title='bbox 1077 2676 1113 2738; x_wconf 89' lang='lat' dir='ltr'><strong>et</strong></span> <span class='ocrx_word' id='word_1_142' title='bbox 1144 2666 1319 2758; x_wconf 86' lang='lat' dir='ltr'><strong>plebeias,</strong></span> 
     </span>
     <span class='ocr_line' id='line_1_24' title="bbox 279 2763 1319 2861; baseline 0.002 -25"><span class='ocrx_word' id='word_1_143' title='bbox 279 2790 389 2859; x_wconf 89' lang='lat' dir='ltr'><strong>quum</strong></span> <span class='ocrx_word' id='word_1_144' title='bbox 405 2763 651 2859; x_wconf 81' lang='lat' dir='ltr'><strong>Glandorpius</strong></span> <span class='ocrx_word' id='word_1_145' title='bbox 678 2793 802 2841; x_wconf 89' lang='lat' dir='ltr'><strong>omnes</strong></span> <span class='ocrx_word' id='word_1_146' title='bbox 820 2769 978 2841; x_wconf 84' lang='lat' dir='ltr'><strong>Titinius</strong></span> <span class='ocrx_word' id='word_1_147' title='bbox 994 2770 1157 2861; x_wconf 89' lang='lat' dir='ltr'><strong>plebeios</strong></span> <span class='ocrx_word' id='word_1_148' title='bbox 1173 2768 1319 2838; x_wconf 86' lang='lat' dir='ltr'><strong>dixerit.</strong></span> 
     </span>
     <span class='ocr_line' id='line_1_25' title="bbox 279 2867 1321 2965; baseline 0.002 -25"><span class='ocrx_word' id='word_1_149' title='bbox 279 2867 377 2940; x_wconf 88' lang='lat' dir='ltr'><strong>Num</strong></span> <span class='ocrx_word' id='word_1_150' title='bbox 409 2890 498 2939; x_wconf 85' lang='lat' dir='ltr'><strong>vero</strong></span> <span class='ocrx_word' id='word_1_151' title='bbox 532 2869 692 2942; x_wconf 82' lang='lat' dir='ltr'><strong>Titinius</strong></span> <span class='ocrx_word' id='word_1_152' title='bbox 725 2881 833 2964; x_wconf 71' lang='lat' dir='ltr'><strong>potita</strong></span> <span class='ocrx_word' id='word_1_153' title='bbox 863 2872 1035 2965; x_wconf 89' lang='lat' dir='ltr'><strong>patricius</strong></span> <span class='ocrx_word' id='word_1_154' title='bbox 1076 2893 1122 2942; x_wconf 90' lang='lat' dir='ltr'><strong>an</strong></span> <span class='ocrx_word' id='word_1_155' title='bbox 1155 2869 1321 2961; x_wconf 83' lang='lat' dir='ltr'><strong>plebeius</strong></span> 
     </span>
     <span class='ocr_line' id='line_1_26' title="bbox 279 2972 689 3060; baseline 0.005 -18"><span class='ocrx_word' id='word_1_156' title='bbox 279 2972 406 3060; x_wconf 85' lang='lat' dir='ltr'><strong>inerit,</strong></span> <span class='ocrx_word' id='word_1_157' title='bbox 438 2994 511 3041; x_wconf 92' lang='lat' dir='ltr'><strong>non</strong></span> <span class='ocrx_word' id='word_1_158' title='bbox 536 2981 689 3044; x_wconf 88' lang='lat' dir='ltr'><strong>constat.</strong></span> 
     </span>
    </p>
   </div>
   <div class='ocr_carea' id='block_1_5' title="bbox 278 3137 1320 3641">
    <p class='ocr_par' dir='ltr' id='par_1_8' title="bbox 280 3137 1320 3639">
     <span class='ocr_line' id='line_1_27' title="bbox 381 3137 1319 3234; baseline -0.004 -22"><span class='ocrx_word' id='word_1_159' title='bbox 381 3137 508 3232; x_wconf 88' lang='lat' dir='ltr'><strong>Neque</strong></span> <span class='ocrx_word' id='word_1_160' title='bbox 539 3148 699 3232; x_wconf 86' lang='lat' dir='ltr'><strong>tempus,</strong></span> <span class='ocrx_word' id='word_1_161' title='bbox 739 3144 883 3234; x_wconf 85' lang='lat' dir='ltr'><strong>quando</strong></span> <span class='ocrx_word' id='word_1_162' title='bbox 908 3142 1058 3228; x_wconf 87' lang='lat' dir='ltr'><strong>vixerit,</strong></span> <span class='ocrx_word' id='word_1_163' title='bbox 1098 3146 1199 3210; x_wconf 89' lang='lat' dir='ltr'><strong>certo</strong></span> <span class='ocrx_word' id='word_1_164' title='bbox 1226 3139 1319 3210; x_wconf 90' lang='lat' dir='ltr'><strong>indi·</strong></span> 
     </span>
     <span class='ocr_line' id='line_1_28' title="bbox 281 3241 1319 3336; baseline -0.002 -22"><span class='ocrx_word' id='word_1_165' title='bbox 281 3242 357 3321; x_wconf 72' lang='lat' dir='ltr'><strong>culi</strong></span> <span class='ocrx_word' id='word_1_166' title='bbox 376 3250 505 3333; x_wconf 86' lang='lat' dir='ltr'><strong>potest.</strong></span> <span class='ocrx_word' id='word_1_167' title='bbox 540 3241 652 3334; x_wconf 89' lang='lat' dir='ltr'><strong>Apud</strong></span> <span class='ocrx_word' id='word_1_168' title='bbox 672 3241 732 3316; x_wconf 89' lang='lat' dir='ltr'><strong>Jo</strong></span> <span class='ocrx_word' id='word_1_169' title='bbox 747 3244 891 3334; x_wconf 89' lang='lat' dir='ltr'><strong>Lydum</strong></span> <span class='ocrx_word' id='word_1_170' title='bbox 917 3247 963 3314; x_wconf 89' lang='lat' dir='ltr'><strong>de</strong></span> <span class='ocrx_word' id='word_1_171' title='bbox 981 3241 1201 3336; x_wconf 86' lang='lat' dir='ltr'><strong>Magistratt.</strong></span> <span class='ocrx_word' id='word_1_172' title='bbox 1226 3241 1319 3332; x_wconf 86' lang='lat' dir='ltr'><strong>reip.</strong></span> 
     </span>
     <span class='ocr_line' id='line_1_29' title="bbox 280 3342 1319 3434; baseline -0.004 -18"><span class='ocrx_word' id='word_1_173' title='bbox 280 3342 390 3416; x_wconf 79' lang='lat' dir='ltr'><strong>Rom·</strong></span> <span class='ocrx_word' id='word_1_174' title='bbox 412 3342 443 3414; x_wconf 90' lang='lat' dir='ltr'><strong>l.</strong></span> <span class='ocrx_word' id='word_1_175' title='bbox 470 3344 538 3432; x_wconf 92' lang='grc'><strong>40,</strong></span> <span class='ocrx_word' id='word_1_176' title='bbox 564 3345 628 3416; x_wconf 91' lang='lat' dir='ltr'><strong>ubi</strong></span> <span class='ocrx_word' id='word_1_177' title='bbox 653 3348 699 3415; x_wconf 88' lang='lat' dir='ltr'><strong>de</strong></span> <span class='ocrx_word' id='word_1_178' title='bbox 724 3347 874 3417; x_wconf 87' lang='lat' dir='ltr'><strong>secundi</strong></span> <span class='ocrx_word' id='word_1_179' title='bbox 899 3346 985 3416; x_wconf 86' lang='lat' dir='ltr'><strong>belli</strong></span> <span class='ocrx_word' id='word_1_180' title='bbox 1003 3342 1136 3416; x_wconf 85' lang='lat' dir='ltr'><strong>Punici</strong></span> <span class='ocrx_word' id='word_1_181' title='bbox 1157 3352 1319 3434; x_wconf 84' lang='lat' dir='ltr'><strong>tempore</strong></span> 
     </span>
     <span class='ocr_line' id='line_1_30' title="bbox 280 3438 1319 3538; baseline 0 -24"><span class='ocrx_word' id='word_1_182' title='bbox 280 3445 456 3538; x_wconf 83' lang='lat' dir='ltr'><strong>loquitur,</strong></span> <span class='ocrx_word' id='word_1_183' title='bbox 495 3446 587 3517; x_wconf 85' lang='lat' dir='ltr'><strong>haec</strong></span> <span class='ocrx_word' id='word_1_184' title='bbox 613 3451 726 3518; x_wconf 88' lang='lat' dir='ltr'><strong>verba</strong></span> <span class='ocrx_word' id='word_1_185' title='bbox 753 3454 913 3518; x_wconf 83' lang='lat' dir='ltr'><strong>exstant:</strong></span> <span class='ocrx_word' id='word_1_186' title='bbox 954 3440 1081 3533; x_wconf 83' lang='grc' dir='ltr'>,Τότε</span> <span class='ocrx_word' id='word_1_187' title='bbox 1119 3441 1256 3531; x_wconf 65' lang='lat' dir='ltr'><strong>Timon,</strong></span> <span class='ocrx_word' id='word_1_188' title='bbox 1298 3438 1319 3514; x_wconf 85' lang='grc' dir='ltr'><em>ὃ</em></span> 
     </span>
     <span class='ocr_line' id='line_1_31' title="bbox 278 3537 1320 3641; baseline -0.001 -23.995"><span class='ocrx_word' id='word_1_189' title='bbox 278 3541 458 3639; x_wconf 84' lang='grc' dir='ltr'><em>Ῥωμαῖος</em></span> <span class='ocrx_word' id='word_1_190' title='bbox 481 3544 660 3637; x_wconf 82' lang='grc' dir='ltr'>κωμικὸς,</span> <span class='ocrx_word' id='word_1_191' title='bbox 699 3549 831 3641; x_wconf 67' lang='lat' dir='ltr'><strong>addon</strong></span> <span class='ocrx_word' id='word_1_192' title='bbox 855 3543 1111 3630; x_wconf 59' lang='lat' dir='ltr'><strong>&amp;audeliaco&#39;</strong></span> <span class='ocrx_word' id='word_1_193' title='bbox 1096 3571 1137 3619; x_wconf 82' lang='grc' dir='ltr'><strong>εν</strong></span> <span class='ocrx_word' id='word_1_194' title='bbox 1161 3551 1205 3639; x_wconf 81' lang='grc' dir='ltr'><strong>τῇ</strong></span> <span class='ocrx_word' id='word_1_195' title='bbox 1228 3537 1320 3617; x_wconf 76' lang='lat' dir='ltr'><strong>‘Poi—</strong></span> 
     </span>
    </p>
   </div>
   <div class='ocr_carea' id='block_1_6' title="bbox 141 3648 1319 3743">
    <p class='ocr_par' dir='ltr' id='par_1_9' title="bbox 141 3648 1319 3743">
     <span class='ocr_line' id='line_1_32' title="bbox 141 3648 1319 3743; baseline -0.007 -19"><span class='ocrx_word' id='word_1_196' title='bbox 141 3718 143 3724; x_wconf 91' lang='lat'><em>.</em></span> <span class='ocrx_word' id='word_1_197' title='bbox 281 3655 389 3740; x_wconf 56' lang='lat' dir='ltr'><strong>opst</strong></span> <span class='ocrx_word' id='word_1_198' title='bbox 421 3648 459 3718; x_wconf 91' lang='lat' dir='ltr'><strong>in</strong></span> <span class='ocrx_word' id='word_1_199' title='bbox 484 3650 613 3740; x_wconf 87' lang='lat' dir='ltr'><strong>quibus</strong></span> <span class='ocrx_word' id='word_1_200' title='bbox 632 3650 784 3721; x_wconf 87' lang='lat' dir='ltr'><strong>Fussius</strong></span> <span class='ocrx_word' id='word_1_201' title='bbox 811 3652 926 3721; x_wconf 87' lang='lat' dir='ltr'><strong>editor</strong></span> <span class='ocrx_word' id='word_1_202' title='bbox 951 3652 1153 3743; x_wconf 85' lang='lat' dir='ltr'><strong>suspicatus</strong></span> <span class='ocrx_word' id='word_1_203' title='bbox 1179 3656 1234 3719; x_wconf 86' lang='lat' dir='ltr'><strong>est</strong></span> <span class='ocrx_word' id='word_1_204' title='bbox 1252 3669 1319 3738; x_wconf 85' lang='lat' dir='ltr'><strong>pro</strong></span> 
     </span>
    </p>
   </div>
   <div class='ocr_carea' id='block_1_7' title="bbox 282 3744 1321 4251">
    <p class='ocr_par' dir='ltr' id='par_1_10' title="bbox 282 3744 1320 4251">
     <span class='ocr_line' id='line_1_33' title="bbox 287 3744 1319 3843; baseline 0.002 -27"><span class='ocrx_word' id='word_1_205' title='bbox 287 3744 443 3827; x_wconf 78' lang='grc' dir='ltr'>Τίνιος</span> <span class='ocrx_word' id='word_1_206' title='bbox 473 3752 665 3841; x_wconf 78' lang='lat' dir='ltr'><strong>legendum</strong></span> <span class='ocrx_word' id='word_1_207' title='bbox 699 3775 780 3822; x_wconf 85' lang='lat' dir='ltr'><strong>esse</strong></span> <span class='ocrx_word' id='word_1_208' title='bbox 818 3747 1041 3837; x_wconf 79' lang='grc' dir='ltr'>Τιτίνιος,·</span> <span class='ocrx_word' id='word_1_209' title='bbox 1079 3774 1151 3843; x_wconf 88' lang='lat' dir='ltr'><strong>qua</strong></span> <span class='ocrx_word' id='word_1_210' title='bbox 1175 3751 1319 3842; x_wconf 91' lang='lat' dir='ltr'><strong>quidem</strong></span> 
     </span>
     <span class='ocr_line' id='line_1_34' title="bbox 282 3851 1320 3973; baseline 0 -53"><span class='ocrx_word' id='word_1_211' title='bbox 282 3851 480 3923; x_wconf 89' lang='lat' dir='ltr'><strong>mutatione</strong></span> <span class='ocrx_word' id='word_1_212' title='bbox 508 3852 597 3923; x_wconf 91' lang='lat' dir='ltr'><strong>nihil</strong></span> <span class='ocrx_word' id='word_1_213' title='bbox 620 3861 741 3973; x_wconf 73' lang='lat' dir='ltr'><strong>potest</strong></span> <span class='ocrx_word' id='word_1_214' title='bbox 766 3878 847 3925; x_wconf 88' lang='lat' dir='ltr'><strong>csse</strong></span> <span class='ocrx_word' id='word_1_215' title='bbox 871 3855 1027 3925; x_wconf 82' lang='lat' dir='ltr'><strong>facilius.</strong></span> <span class='ocrx_word' id='word_1_216' title='bbox 1080 3854 1156 3924; x_wconf 84' lang='lat' dir='ltr'><strong>Sed</strong></span> <span class='ocrx_word' id='word_1_217' title='bbox 1182 3859 1320 3922; x_wconf 87' lang='lat' dir='ltr'><strong>certum</strong></span> 
     </span>
     <span class='ocr_line' id='line_1_35' title="bbox 283 3951 1320 4046; baseline -0.005 -20"><span class='ocrx_word' id='word_1_218' title='bbox 283 3958 355 4037; x_wconf 82' lang='lat' dir='ltr'><strong>est,</strong></span> <span class='ocrx_word' id='word_1_219' title='bbox 382 3951 444 4022; x_wconf 92' lang='lat' dir='ltr'><strong>illo</strong></span> <span class='ocrx_word' id='word_1_220' title='bbox 472 3961 633 4045; x_wconf 84' lang='lat' dir='ltr'><strong>ternpore</strong></span> <span class='ocrx_word' id='word_1_221' title='bbox 658 3956 812 4046; x_wconf 81' lang='lat' dir='ltr'><strong>primum</strong></span> <span class='ocrx_word' id='word_1_222' title='bbox 830 3955 975 4028; x_wconf 78' lang='lat' dir='ltr'><strong>Livium</strong></span> <span class='ocrx_word' id='word_1_223' title='bbox 997 3955 1246 4027; x_wconf 86' lang='lat' dir='ltr'><strong>Andronicum</strong></span> <span class='ocrx_word' id='word_1_224' title='bbox 1264 3953 1320 4023; x_wconf 85' lang='lat' dir='ltr'><strong>fa·</strong></span> 
     </span>
     <span class='ocr_line' id='line_1_36' title="bbox 282 4052 1321 4150; baseline 0.001 -28"><span class='ocrx_word' id='word_1_225' title='bbox 282 4052 387 4124; x_wconf 79' lang='lat' dir='ltr'><strong>bulas</strong></span> <span class='ocrx_word' id='word_1_226' title='bbox 413 4055 648 4145; x_wconf 78' lang='lat' dir='ltr'><strong>dramaticus,</strong></span> <span class='ocrx_word' id='word_1_227' title='bbox 687 4057 820 4128; x_wconf 86' lang='lat' dir='ltr'><strong>Latine</strong></span> <span class='ocrx_word' id='word_1_228' title='bbox 855 4060 1096 4150; x_wconf 79' lang='lat' dir='ltr'><strong>conscriptae,</strong></span> <span class='ocrx_word' id='word_1_229' title='bbox 1136 4055 1321 4142; x_wconf 88' lang='lat' dir='ltr'><strong>docuisse;</strong></span> 
     </span>
     <span class='ocr_line' id='line_1_37' title="bbox 282 4154 1321 4251; baseline 0.007 -28"><span class='ocrx_word' id='word_1_230' title='bbox 282 4154 315 4224; x_wconf 92' lang='lat' dir='ltr'><strong>is</strong></span> <span class='ocrx_word' id='word_1_231' title='bbox 340 4155 447 4228; x_wconf 89' lang='lat' dir='ltr'><strong>toties</strong></span> <span class='ocrx_word' id='word_1_232' title='bbox 480 4159 761 4251; x_wconf 88' lang='lat' dir='ltr'><strong>ascriptoribus</strong></span> <span class='ocrx_word' id='word_1_233' title='bbox 795 4167 921 4231; x_wconf 89' lang='lat' dir='ltr'><strong>auctor</strong></span> <span class='ocrx_word' id='word_1_234' title='bbox 943 4161 1150 4232; x_wconf 80' lang='lat' dir='ltr'><strong>fabularrnn</strong></span> <span class='ocrx_word' id='word_1_235' title='bbox 1181 4156 1321 4230; x_wconf 79' lang='lat' dir='ltr'><strong>scaeni-</strong></span> 
     </span>
    </p>
   </div>
   <div class='ocr_carea' id='block_1_8' title="bbox 0 0 1479 4842">
    <p class='ocr_par' dir='ltr' id='par_1_11' title="bbox 0 0 1479 4842">
     <span class='ocr_line' id='line_1_38' title="bbox 0 0 1479 4842; baseline 0 0"><span class='ocrx_word' id='word_1_236' title='bbox 0 0 1479 4842; x_wconf 95' lang='lat' dir='ltr'><strong> </strong></span> 
     </span>
    </p>
   </div>
  </div>
 </body>
</html>
