2932 4842
357 869 406 953 B.
472 859 743 958 TOGATAE
786 859 1200 960 TABERNARIAE.

682 1055 886 1068 ——

604 1201 695 1272 GN.
729 1201 956 1272 nsum

568 1424 1007 1489 consumtum.

774 1577 797 1637 Ι.

347 1695 437 1755 Varro
460 1694 495 1752 de
515 1693 551 1753 L.
563 1694 599 1754 L.
612 1693 719 1768 vito.
740 1715 768 1773 p.
782 1696 843 1766 385
866 1694 911 1754 od.
924 1693 1076 1776 spongeis
1097 1695 1215 1769 „Multa
1231 1697 1305 1778 apud

263 1786 363 1862 poetas
383 1780 492 1858 reliqua
513 1799 576 1839 esse
596 1780 698 1851 verba,
727 1797 844 1858 quorum
866 1779 992 1861 origines
1013 1779 1124 1859 possint
1145 1780 1214 1854 dici,
1247 1801 1304 1841 non

264 1882 376 1942 dubito:
398 1888 431 1940 ut
451 1880 524 1960 apud
539 1871 674 1942 Naevium
693 1911 737 1924 —-
758 1879 788 1938 in
804 1879 956 1939 Clastidio:
978 1863 1195 1954 Vitulantes,
1223 1903 1244 1943 a
1262 1882 1304 1945 vi.

263 1966 360 2027 tuia.“
402 1962 596 2025 Clastidio.
638 1964 718 2024 Unus
740 1963 804 2024 eod.
825 1964 917 2026 Poris.
939 1965 1113 2026 eussidio.

279 2300 287 2320 .
337 2212 439 2278 ‘Varro
468 2215 503 2277 do
529 2216 565 2275 L.
587 2215 622 2276 L.
645 2217 697 2276 lX.
719 2225 769 2280 46.
796 2238 824 2298 p.
842 2223 901 2316 613⁸
925 2235 967 2296 sq.
990 2217 1033 2278 ed.
1056 2217 1207 2300 spongeis
1239 2219 1304 2292 „Ut

264 2301 771 2474 intuiti:tii-'timidi
792 2302 1303 2469 iiiimxiiii.titius}

262 2473 306 2532 sie
327 2474 356 2530 in
377 2470 521 2532 vocabulis
548 2484 663 2529 casuum
685 2478 804 2550 possunt
833 2470 899 2530 item
919 2469 996 2543 fieri,
1028 2492 1062 2531 ae
1083 2472 1195 2550 reponi,
1227 2473 1303 2551 quod

262 2557 370 2627 oberit,
401 2555 449 2614 ubi
470 2555 593 2634 patietur
614 2562 715 2614 natura
736 2562 765 2614 et
786 2556 974 2629 consuetud03
1008 2556 1081 2635 quod
1104 2575 1303 2635 nonnunquam

263 2640 339 2720 opud
366 2645 466 2718 potitus
492 2639 649 2700 invenimus
674 2639 793 2712 foetum,
825 2647 857 2699 ut
883 2641 912 2699 iu
939 2642 993 2700 hoo
1019 2642 1093 2721 opud
1113 2641 1250 2702 Naeuium
1273 2643 1303 2701 in

265 2724 418 2786 Clastidio:

364 2807 452 2880 vita
476 2807 656 2898 insepulta
680 2808 795 2879 latitas
822 2809 859 2878 in
884 2810 1036 2900 patritam
1061 2811 1190 2881 redux.
1203 2815 1228 2854 “

263 2914 390 2975 iaetus.
433 2907 555 2989 Legitur
576 2909 811 2982 etiamsleetuffi
845 2911 921 2989 quod
946 2911 1037 2970 minus
1065 2911 1302 2972 accommodatum

264 2996 377 3068 uidetur
398 2992 567 3068 sententiaa.
589 3027 632 3040 -
654 2995 775 3054 redux.
825 2995 985 3067 Nonnullae
1006 2995 1068 3054 edd.
1090 2995 1237 3067 reduxit
1256 2997 1302 3072 rel

262 3081 378 3146 sedux
399 3079 439 3138 it.
468 3109 511 3122 -
540 3078 744 3157 insepulta,
770 3099 828 3138 non
849 3080 972 3159 sepulta,
993 3079 1100 3152 idest,
1129 3087 1162 3138 ut
1180 3079 1301 3153 videtur,

268 3186 326 3226 non
358 3163 509 3230 exstineto.
550 3163 722 3236 Obscuriora
752 3165 835 3224 otiam
863 3170 930 3224 sunt
956 3164 1092 3224 Varronis
1119 3166 1215 3225 verba.
1256 3165 1301 3224 Ad

265 3269 408 3314 ossuum
439 3247 651 3328 intelligendum
680 3255 724 3308 est
754 3249 956 3330 analogiae.
1005 3248 1104 3310 Naevii
1124 3256 1217 3316 autem
1237 3269 1301 3310 ver·

265 3354 327 3394 sum
348 3332 478 3392 attulisse
497 3331 609 3393 videtur
630 3334 750 3415 scriptor
771 3332 807 3394 ob
828 3333 1027 3414 insepulto,
1047 3332 1148 3413 inquo
1165 3333 1300 3412 uocabulo

264 3417 410 3498 reponitur
429 3417 465 3478 in
485 3416 667 3499 praepositio.
