2938 4848
269 378 353 459 22·

276 555 472 646 Varronis,
500 558 711 628 comoedias
737 558 837 630 solas
854 555 990 632 Graeci
1016 561 1220 653 argumenti
1242 561 1319 651 poi·
1450 586 1451 654 ι

277 661 385 730 iiatas
410 660 581 746 dicentis,
616 662 828 730 sententium
854 663 1027 732 retulerit.
1080 660 1189 733 Certe
1222 663 1320 733 huno

276 783 348 832 nou
375 780 600 832 communem
626 763 741 832 fuisse
766 763 936 854 loquendi
962 786 1087 851 usum,
1129 786 1238 856 qaum
1271 768 1318 834 de

275 865 434 934 fabaiat
419 870 548 954 togata
569 865 864 954 exposuerimus,
889 885 1007 956 magus
1020 873 1191 956 patescet
1226 863 1319 938 an-

275 976 392 1035 teram
406 966 613 1036 fabularum
627 968 872 1056 palliatarum,
899 969 971 1036 uisi
996 989 1018 1036 a
1035 967 1200 1038 Varrone
1221 969 1319 1058 apud
1451 975 1452 1006 ¹

276 1065 512 1153 Diomedem,
554 1072 599 1139 ab
627 1070 727 1138 auito
761 1091 894 1139 aureae
923 1070 1052 1138 aetatis
1078 1054 1255 1160 scriptore
1279 1069 1319 1139 fit

276 1170 429 1256 mentio,
451 1190 560 1259 quum
580 1178 726 1261 togatae
747 1170 959 1261 saepissime
979 1181 1316 1241 courmemorentun.

276 1271 381 1342 Unde
412 1272 542 1362 liqum,
578 1273 786 1342 comoedias
819 1272 985 1361 palliatas
1018 1270 1203 1342 Romanos
1238 1274 1317 1343 fere

275 1371 485 1463 simpliciter
512 1372 571 1442 vel
596 1375 742 1464 proprie
767 1374 975 1444 comoedias
1002 1374 1255 1463 appellavisse.

375 1473 499 1544 Latini
524 1476 725 1566 argumenti
750 1477 897 1546 fabulae
930 1483 1233 1545 commemoratae
1259 1497 1316 1546 re-

273 1575 463 1664 periuntur
502 1579 600 1666 apud
631 1576 824 1666 seriptores
859 1585 1066 1669 togatae,
1110 1585 1316 1668 praetex-

274 1690 348 1746 tae
380 1677 460 1746 sive
491 1685 835 1768 praetextatae,
875 1681 1135 1763 trabeatae,
1170 1681 1316 1748 taber-

274 1779 454 1866 nariae,
487 1779 755 1866 Atellanae,
796 1781 1089 1871 planipediae
1122 1780 1203 1850 sive
1228 1781 1316 1870 pla·

276 1879 547 1970 nipedariae
586 1882 666 1952 sive
699 1882 991 1972 planipedes,
1033 1901 1126 1974 quae
1158 1882 1317 1951 fortasse

274 1981 383 2052 etiam
404 1983 654 2053 riciniatae
676 1984 878 2074 appellatae
899 1981 1050 2076 runtffl).
1088 1981 1317 2074 Togatarum

273 2104 405 2153 nomeu
428 2085 561 2177 duplici
583 2086 862 2177 significatione,
889 2087 1097 2178 angustiore
1119 2085 1315 2172 ablatione,

272 2189 527 2277 usurpabatur.
566 2188 790 2280 Angustiore
807 2188 1079 2279 significatione,
1107 2208 1200 2278 quae
1221 2188 1315 2277 prio·

270 2287 372 2358 ribus
392 2291 611 2379 temporibus
631 2291 711 2360 sola
736 2290 890 2376 exstitit,
917 2298 1041 2381 togata
1066 2311 1139 2359 non
1166 2297 1245 2358 erat
1264 2288 1315 2357 di-

272 2409 381 2459 versa
415 2413 437 2460 a
469 2392 693 2480 tabernaria3
732 2393 862 2462 latiore
904 2413 948 2461 ea
990 2389 1317 2481 comprehendebat

270 2499 551 2580 praetextatam,
588 2495 806 2580 trabeatum,
842 2494 1083 2563 tabernariam
1109 2495 1188 2562 sive
1213 2500 1315 2583 toga-

273 2599 347 2659 tam
373 2594 516 2683 proprie
544 2596 687 2665 dictam.
740 2595 864 2672 Quam
889 2595 1120 2679 sententiam,
1147 2614 1255 2684 quum
1269 2595 1316 2663 de

273 2691 426 2865 siugplis
459 2697 653 2789 generibus
690 2697 985 2785 disseruerimus,
1025 2702 1153 2787 postea
1187 2694 1315 2766 confir·

271 2815 332 2864 mo
356 2817 460 2868 rmus.

681 2914 909 2925 -fl

781 2999 812 3070 l.

374 3114 556 3188 Fabula
575 3126 751 3210 togata,
779 3139 801 3186 a
823 3125 927 3208 toga,
954 3135 1048 3210 quae
1068 3114 1216 3207 propria
1237 3122 1315 3186 erat

272 3211 522 3291 Romanorum
546 3223 678 3305 vestis,
722 3227 762 3288 ut
789 3215 938 3308 pallium
965 3217 1210 3302 Graecorum,
1250 3240 1314 3288 uo·

273 3320 427 3409 minata,
461 3322 595 3414 scripta
621 3331 699 3392 erat
724 3323 922 3390 secundum
947 3341 1067 3390 mores
1093 3327 1129 3388 et
1153 3318 1315 3388 habiturn

273 3416 591 3520 aomanornmffl).
644 3422 723 3494 Neo
754 3443 842 3491 vero
876 3424 913 3491 in
938 3425 1029 3491 urbe
1054 3428 1211 3506 tantum,
1249 3421 1316 3491 sed

359 3605 414 3689 80)
443 3609 525 3668 Vidd.
553 3609 696 3670 Reuveus.
725 3605 880 3666 Coiieetao.
909 3607 963 3665 tat.
992 3623 1019 3682 p
1035 3609 1074 3666 52
1097 3621 1174 3684 sqq.3
1207 3605 1315 3664 Osann.

273 3688 401 3751 Audeat.
424 3693 487 3752 crit
509 3712 536 3771 p.
548 3699 589 3756 76
611 3713 741 3772 sqqm-
770 3689 825 3771 81)
853 3691 936 3750 vito.
958 3690 1114 3749 Euanthius
1137 3691 1173 3749 dc
1192 3689 1315 3762 Fabnlu3

273 3773 404 3836 Donatus
426 3779 462 3836 de
478 3779 646 3852 Comoedia,
674 3777 825 3837 Diomedes
848 3777 896 3835 ΙΙΙ.
919 3781 1021 3855 peso
1043 3793 1088 3854 up.
1101 3775 1235 3848 Putscir.3
1268 3775 1315 3833 Jo.

273 3859 373 3962 Lydus
391 3862 615 3968 debiagistrott.
633 3862 703 3943 reip.
723 3863 804 3920 Rom.
827 3863 919 3922 asto
946 3854 1138 3934 „Hoitmito
1158 3857 1220 3960 μέν
1236 3857 1317 3919 ἐστιν

272 3935 293 4024 ἦ
314 3937 495 4051 ‘Eidomene
519 3885 701 4008 intererrp‘
692 3945 804 4026 εχουσα
824 3943 984 4028 κωμῳδία,
1014 3938 1129 4024 scyrico
1151 3937 1224 4023 ddi]
1240 3936 1317 4004 ‘Po-

273 4025 389 4110 patierin
415 4027 578 4111 ιἰρχιιίςιινι
581 4034 646 4093 ‘io
675 4027 820 4112 quibus'
803 4029 968 4113 αρχαίαν
994 4029 1171 4090 referendum
1206 4028 1317 4091 videtum

275 4115 311 4175 ad
332 4117 521 4198 antiquiorum
540 4119 730 4178 Romanorum
750 4135 843 4176 mores
865 4123 895 4176 et
915 4115 1055 4177 vestitum.
1093 4114 1248 4175 infeliciter
1267 4133 1316 4176 vo·

276 4201 404 4264 eubulum
425 4205 630 4286 iuterpretatur
652 4201 831 4266 Reurensius
853 4201 1009 4263 Goileotso
1030 4201 1084 4262 aa
1105 4223 1133 4282 p.
1125 4205 1196 4262 .48.
