2938 4848
1128 302 1206 444 ι17

157 555 260 618 terea
301 545 634 638 tragicocomoedia
675 565 854 638 nusquam
896 565 920 618 a
961 543 1209 636 grammaticis

157 655 480 734 commemoratur,
506 647 652 738 saepius
672 647 800 718 fabula
820 644 1079 718 erinthoniea.
1116 642 1209 718 Pro·

159 751 220 820 eul
245 750 356 822 dubio
390 757 528 818 tantum
554 746 709 818 Plautus
742 749 820 839 ipse
854 771 936 818 eum
968 748 1207 839 paucissimis,

160 875 233 944 quo
267 853 423 942 pertinet
453 849 625 920 Lutatius
658 849 931 944 scholiastaffl),
971 850 1035 920 illo
1061 850 1207 920 nomine

157 953 232 1030 hoc
251 954 457 1026 luhurlarmu
474 973 591 1044 genus
609 952 853 1042 appellarunt3
880 950 1108 1042 grammatici
1121 973 1206 1022 con·

158 1063 218 1125 tra
241 1055 428 1141 usitatius,
455 1054 501 1122 ah
529 1052 686 1124 auctoris
711 1055 856 1124 nomine
882 1054 1095 1140 deductum,
1121 1054 1205 1125 reti·

158 1162 326 1228 nuerunt.
377 1154 533 1228 Accedit
556 1154 648 1238 hnc,
674 1157 770 1246 quod
798 1155 906 1224 etiam
931 1151 1094 1226 Rhintho
1116 1155 1206 1228 Am·

159 1257 390 1350 phitruonem
416 1257 693 1350 composuitss),
720 1277 828 1347 quam
847 1256 1011 1328 sahulem
1031 1253 1206 1330 Plautum

160 1360 386 1450 expressisse
413 1358 570 1428 maxime
591 1370 646 1428 est
667 1359 867 1448 probabile.
919 1356 1113 1448 Sophoclis
1128 1361 1204 1450 qui·

159 1463 243 1534 den
265 1459 585 1552 Amphitruonem,
612 1462 658 1530 uh
684 1459 765 1530 eius
790 1459 1042 1553 scholiastae)
1070 1465 1107 1528 et
1129 1459 1204 1530 lle·

160 1562 344 1657 syohio⁵⁵)
371 1570 625 1647 memor-atam,
665 1569 809 1651 poetam
836 1560 1062 1632 Sarsinatem
1087 1561 1204 1632 imita·
1255 1581 1258 1588 ·

159 1675 236 1735 tum
269 1685 372 1746 esse,
409 1665 448 1733 in
481 1663 586 1732 istum
612 1663 818 1753 opinionem
845 1685 954 1732 nemo
979 1685 1091 1734 sanus
1117 1663 1204 1734 inci·

159 1765 241 1853 det3
274 1773 310 1835 et
335 1787 384 1836 ex
408 1763 585 1856 Archippi
610 1764 875 1856 Amphitruone
900 1761 1074 1836 Plautum
1098 1787 1203 1837 suam

157 1866 320 1938 fabulam
345 1868 496 1952 iecisse,
535 1867 595 1936 vel
621 1885 812 1958 propterea
836 1889 909 1936 non
935 1868 1065 1953 credo,
1104 1868 1202 1958 quod

157 1967 366 2060 Archippus
391 1967 525 2038 veteris
551 1970 764 2041 comoediae
790 1975 897 2059 poeta
915 1968 1003 2055 fuit,
1030 1971 1201 2060 quodque

158 2090 307 2156 versus,
349 2091 397 2140 ex
423 2069 502 2140 eius
527 2069 793 2160 Amphitruone
819 2070 972 2157 servati,
1014 2069 1053 2140 iu
1078 2066 1204 2140 Plauti

157 2171 285 2244 fabula
306 2172 472 2261 expressi
490 2193 562 2240 non
579 2172 816 2262 reperiuntur.
870 2170 1103 2263 Quamquam
1127 2193 1203 2242 non

158 2275 336 2344 adversor
373 2270 552 2342 Meinehii
592 2271 867 2368 sententiae⁵⁶),
911 2273 977 2348 vix
1016 2274 1203 2347 diversum

156 2375 271 2446 fuisse
288 2373 465 2465 Archippi
489 2375 638 2446 fabulae
663 2382 914 2468 argumentum
940 2377 986 2446 ah
1013 2397 1078 2462 eo,
1103 2377 1201 2465 quod

157 2473 312 2547 Plautus
330 2476 366 2546 in
381 2499 449 2547 sua
463 2477 588 2548 fabula
601 2479 778 2549 tractavit.
814 2477 903 2548 Alio
921 2484 1058 2548 tantum
1076 2477 1199 2565 modo,

158 2599 253 2670 qnae
293 2589 372 2648 erat
409 2579 544 2648 veteris
577 2580 788 2649 comoediae
821 2579 933 2666 ratio,
972 2577 1200 2669 Archippum

158 2680 311 2750 eandem
342 2702 419 2750 rem
451 2680 698 2750 conformasse
731 2679 904 2767 arbitror,
945 2691 1053 2772 atque
1085 2678 1198 2752 Rhin-

157 2780 305 2852 thouem
331 2782 479 2872 eiusque.
505 2782 739 2864 imitatorem,
771 2779 971 2852 Plautum·
1011 2783 1072 2855 Ac
1097 2783 1198 2856 vide·

157 2889 215 2952 tur
262 2904 351 2952 sane
399 2892 436 2952 et
479 2883 687 2974 Archippus
734 2884 808 2954 ium
856 2881 1057 2954 Rhinthoni
1099 2885 1198 2955 viam

156 2984 317 3056 munisse
363 2991 399 3053 et
445 2983 608 3056 Alcaeus
654 3007 737 3064 cum
777 2985 1062 3069 Anaxendride‚
1110 3005 1198 3076 quo·
1292 3021 1294 3026 ·

155 3107 236 3156 rum
287 3085 472 3177 utriusque
518 3080 885 3184 Koupdoccuyrpdiu
938 3107 1198 3158 commemora·

156 3185 283 3282 tnr⁵⁷).
345 3184 469 3256 Minus
507 3210 597 3258 vero
637 3189 747 3258 etiem
786 3188 1021 3279 probabiliter
1059 3194 1199 3258 statuas

157 3310 240 3358 cum
273 3285 371 3380 Aug.
407 3285 506 3360 Guil.
541 3287 806 3387 Schlegelicffl)
844 3311 892 3360 cx
925 3288 1045 3359 verbis
1078 3287 1197 3360 Hora·

157 3505 186 3568 iu
202 3506 348 3568 ridiculum
362 3465 506 3578 detortae,
528 3507 584 3567 iam
605 3528 662 3570 nun
683 3515 751 3568 nunt
771 3509 947 3591 tragoediae.
990 3507 1120 3586 lienique
1140 3527 1198 3568 nun
1278 3481 1283 3503 ζ

158 3590 318 3651 necaremio
345 3611 417 3672 opus
444 3598 522 3664 erat,
556 3599 588 3650 ut
608 3593 727 3653 eliorum
747 3593 858 3654 fabular
879 3594 933 3654 sihi
954 3591 1198 3658 transimundus

156 3683 292 3747 sumeret,
324 3677 407 3735 modo
429 3697 475 3735 res
497 3677 623 3758 tragicus
644 3679 762 3738 ridiculo
791 3681 873 3738 ruodo
899 3685 1134 3759 repraesentaret
1155 3710 1199 3724 -

157 3757 210 3840 52)
232 3761 269 3820 ad
284 3761 368 3820 Statii
385 3761 478 3820 Theb.
501 3761 534 3820 V.
549 3770 619 3824 160.
640 3796 683 3810 -
707 3761 761 3844 53)
783 3764 931 3824 Laudatur
943 3761 1113 3823 Rhinthonis
1130 3763 1198 3822 Am·

155 3844 267 3922 phitruo
288 3845 323 3904 uh
339 3845 485 3905 Athenaeo
508 3845 557 3904 lll.
579 3868 607 3925 p.
623 3855 694 3908 111.
718 3869 758 3921 e,
778 3849 865 3908 nullis
887 3856 981 3908 tamen
1003 3867 1042 3908 ex
1063 3867 1099 3907 ea
1119 3845 1198 3906 addi-

155 3929 191 3987 tis
211 3929 316 3990 verbis.
338 3963 381 3974 -
403 3927 457 4011 54)
481 3932 517 3990 ad
532 3931 603 3990 ded.
621 3933 683 3992 eol.
698 3942 769 3995 383.
792 3967 836 3980 -
857 3933 912 4016 55)
934 3955 980 3996 vv.
998 3926 1199 4014 Ἀμφιτέρ-

154 4034 230 4088 μως
251 4021 281 4074 et
296 4008 634 4096 Ἀτραυμάτιστον.
655 4049 698 4074 -.-
725 4016 780 4098 56)
803 4019 922 4086 Quaest.
944 4038 1023 4084 scen.
1046 4017 1082 4076 ll.
1105 4037 1133 4096 p.
1146 4022 1199 4077 47.

155 4129 195 4142 -
213 4098 272 4181 ot)
295 4099 357 4159 Vid.
379 4099 504 4160 Meinalr.
527 4101 645 4172 Quaere
668 4121 746 4168 acen.
768 4105 804 4162 ll.
827 4125 855 4183 p.
871 4109 922 4179 55,
943 4137 984 4150 ·-
1015 4099 1071 4183 58)
1099 4100 1199 4160 Vorle·

154 4201 264 4266 mugen
286 4183 374 4246 acher
395 4185 483 4245 dram.
500 4185 597 4246 Knust
617 4187 675 4246 und
687 4186 759 4249 Lite.
780 4189 823 4250 Τ.
836 4191 860 4249 l.
881 4211 909 4270 p.
927 4198 988 4252 313
1012 4186 1058 4246 ed.
1079 4184 1178 4265 Upeul.

930 4289 952 4351 ²
1087 4357 1088 4362 ,
