2932 4842
256 360 339 437 tto

258 535 423 598 elaallaa.
444 533 508 596 nte
530 533 597 594 llos.
614 533 711 614 steph.
727 531 795 594 Jnn.
818 532 949 596 tinello.
969 533 1035 594 Jnn.
1051 553 1143 616 mar-g.
1165 534 1295 596 iolual-

257 622 315 684 lan
335 639 373 680 ex
393 619 564 690 oonieetnra,
586 619 748 680 arridetur.
769 619 1004 680 ··-1·ornioao.¹
1033 619 1098 680 Alo.
1115 621 1183 680 naa.
1199 619 1296 698 Steplr.

257 707 324 766 lun.
352 704 493 765 romine.
524 705 592 764 lun.
613 724 704 784 marg.
726 723 765 763 ex
786 704 907 765 coninot.
933 704 1070 766 rnmiei.
1099 737 1143 750 ·-
1172 705 1205 764 ln
1227 705 1297 765 Van.

256 793 279 851 l.
308 790 343 849 ll.
376 791 442 850 Par.
474 788 518 848 hio
548 789 627 848 loeus
657 809 714 850 non
744 789 890 868 reperiam.
940 789 1072 870 Saaliger
1100 790 1137 849 ad
1162 790 1242 850 Fest.
1268 809 1296 850 ι.

257 875 481 936 θΙιιιιιιιιΙιιιιῑ
502 880 531 934 et
551 874 588 934 ad
609 875 691 934 Varr.
714 873 749 932 de
771 874 807 934 1..
828 875 864 934 1..
886 874 935 934 Ν.
959 883 1041 954 pes
1064 875 1108 934 ed.
1120 875 1201 954 Rip,
1226 873 1297 934 Vos·

257 962 316 1022 sius
337 959 458 1037 Etymol.
480 979 507 1020 ι.
530 958 673 1030 Helluo,
702 959 838 1020 linoerius
859 960 896 1020 ad
917 961 997 1019 Fest.
1018 980 1045 1021 v.
1068 960 1236 1019 Helnela:

299 1043 408 1105 Lenti
430 1043 567 1116 calido,
589 1044 720 1116 elvela,
742 1045 885 1123 rapula,
907 1045 1073 1104 rumices.

257 1130 376 1190 Botlrins
395 1127 493 1202 linxit:

300 1214 410 1276 Lenti
432 1213 466 1273 in
489 1213 607 1274 calido
629 1213 732 1273 eluta
753 1213 861 1287 aliea3
882 1213 1028 1294 rapula,
1050 1213 1218 1274 rumices.

258 1300 441 1360 Seribendnm
471 1298 609 1371 arbitror,
647 1297 791 1358 intellecto
822 1298 977 1359 addatur
1005 1299 1052 1362 rel
1081 1298 1180 1358 similis
1206 1297 1297 1358 nolio·

257 1385 303 1446 nis
322 1385 427 1448 verbo:

408 1509 460 1520 -
483 1467 592 1538 Lonti
618 1468 736 1540 aalide
764 1459 916 1555 eluella,
943 1475 980 1539 et
1003 1461 1134 1562 rapula
1158 1467 1296 1540 romioi.

258 1571 354 1630 Petita
375 1571 444 1630 liaeo
465 1568 590 1629 fortasse
612 1576 679 1628 sunt
700 1589 738 1628 ex
759 1568 893 1629 Psaltria.

340 1907 454 1968 Nonius
478 1927 506 1988 p.
530 1913 589 1970 221
614 1907 658 1967 ed.
680 1907 784 1967 litera:
815 1907 966 1980 „Riotns
987 1907 1103 1990 generis
1125 1915 1297 1970 est-masan·

258 1993 317 2054 lini.
349 1993 494 2053 Titinius:

322 2080 428 2149 Cave,
461 2096 625 2162 exporge
656 2075 830 2148 frontem,
849 2077 1000 2140 'habeat
1025 2095 1167 2158 semper
1193 2077 1297 2140 laeto

320 2163 473 2222 rictus.“

257 2247 367 2308 facto.
396 2247 460 2307 Alo.
482 2247 549 2306 llas
561 2245 658 2324 Steph.
675 2245 742 2306 Jnn.
763 2245 895 2310 santos.
918 2247 984 2307 Jun.
1006 2267 1097 2330 marg.
1119 2245 1241 2308 facito.
1255 2279 1298 2294 ·-

258 2334 328 2393 Ven.
345 2334 366 2392 l.
383 2334 419 2392 ll.
442 2333 509 2392 Par.
531 2331 601 2390 haee
624 2331 869 2393 nonhalenta-
896 2331 1181 2412 Deindeapndlion.
1174 2355 1222 2412 ..p
1235 2335 1297 2398 455
1338 2333 1347 2352 '

258 2419 414 2502 legitorr,
416 2417 572 2490 ,ilistnm
593 2415 716 2475 ferarum
733 2417 788 2478 diei
809 2407 923 2490 volunt,
946 2436 1029 2495 quum
1049 2415 1178 2478 Titinius
1198 2423 1298 2478 auctor·

259 2505 299 2564 srt
320 2505 404 2563 etnam
431 2500 550 2561 hominis
579 2501 633 2559 ‹lrer
656 2502 772 2561 debere
803 2503 911 2573 Cave,
938 2521 1100 2584 exporge
1122 2501 1297 2574 frontem

258 2589 381 2649 lnbeat
410 2607 433 2646 s.
461 2586 559 2645 facto
586 2589 638 2646 r.“
665 2605 835 2668 exporge.
868 2585 937 2646 Ven.
956 2587 978 2648 Ι.
996 2587 1032 2646 ll.
1054 2587 1121 2648 Par.
1143 2587 1208 2646 Ald.
1229 2589 1297 2647 Bas.

259 2675 326 2732 Jnn.
350 2693 392 2732 ex
413 2672 593 2731 corda-
614 2669 779 2731 frontem.
818 2671 888 2730 Par.
920 2671 1137 2732 fontena-
1163 2673 1296 2733 labeat.

151 2787 153 2800 =
260 2759 329 2817 Ven.
357 2759 379 2816 1.
406 2758 441 2814 ll.
474 2755 541 2814 Par.
569 2757 667 2814 hanc.
694 2790 736 2807 «-
762 2757 871 2818 Perott.
906 2757 1066 2837 Cornucap.
1093 2777 1120 2818 ι.
1149 2757 1295 2826 Riotns:

260 2844 352 2904 (lave
368 2840 522 2900 frontem
544 2842 631 2899 hano
653 2846 689 2900 et
709 2860 846 2920 semper
864 2847 1032 2920 patentes
1049 2841 1172 2901 rietus.
1194 2841 1297 2902 lunius

258 2927 416 3009 posteriore
443 2927 506 2985 looo
528 2925 557 2985 in
579 2925 726 3008 margines
756 2927 852 2988 Cava
873 2926 979 2987 etiarn
1000 2925 1152 2987 frontem
1176 2947 1297 2987 exoor·

260 3015 349 3085 dem,
377 3010 490 3082 labia,
518 3009 736 3089 supercilia,
765 3011 890 3070 rictus.
924 3011 1078 3070 Salmasius
1100 3011 1247 3070 arlSolin.
1269 3034 1297 3092 p.

261 3105 333 3162 103.
362 3098 414 3158 B.:
449 3097 626 3176 Exporge
646 3093 813 3168 frontem,
846 3095 979 3157 habeas
1013 3115 1150 3176 sempor
1179 3095 1296 3161 tacito

258 3184 389 3246 rietus.
431 3181 550 3244 Bothius
572 3179 674 3242 edidit:

914 3298 958 3312 -
977 3297 1020 3312 ι·-
1040 3298 1084 3312 -
1105 3266 1211 3326 Cave!

322 3353 497 3433 Exporge
517 3349 686 3424 frontem,
708 3354 745 3410 at
766 3349 871 3410 abeat
891 3369 1031 3429 semper
1051 3347 1111 3411 fao
1131 3351 1208 3434 cito

323 3437 461 3498 Rietus.

260 3523 324 3583 Non
346 3521 485 3602 intelligo,
508 3518 647 3598 quomodo
668 3517 731 3596 quis
753 3517 809 3577 cito
831 3516 927 3578 facere
947 3518 1048 3598 possit,
1069 3525 1102 3577 ut
1122 3537 1231 3598 semper
1247 3519 1298 3578 nli-

260 3609 326 3687 qnid
348 3607 441 3666 abeat.
484 3605 517 3663 ln
539 3605 632 3664 Cave
653 3598 789 3682 (Cane),
816 3603 890 3682 quod
917 3603 953 3661 ad
981 3603 1149 3663 sententiam
1175 3604 1298 3682 reliquo·

259 3711 321 3751 rom
341 3691 491 3753 verborum
512 3708 569 3748 non
590 3687 703 3746 videtur
723 3687 913 3748 necessarium
935 3707 1008 3760 esse,
1029 3689 1119 3750 latere
1134 3693 1201 3769 puto
1217 3687 1302 3759 fobu--

259 3777 305 3836 lae
316 3774 535 3854 inscriptionem,
546 3772 804 3851 restituendnmque
818 3774 935 3833 Caeco
950 3763 994 3833 v'el
1007 3771 1130 3852 potins
1122 3792 1156 3831 ιιι
1173 3774 1297 3854 Caeco,

259 3863 383 3923 Caetera
403 3857 571 3919 fortasse
548 3876 589 3917 ιιι
611 3857 759 3918 scribenda
780 3864 860 3916 sunt:

309 3961 483 4056 Exporge
506 3962 682 4048 frontem3
707 3949 819 4029 litent
844 3978 1037 4049 semper
1009 3949 1122 4030 faeito
1148 3957 1271 4030 rietus.

260 4084 427 4163 Exporge
448 4076 602 4138 frontem
623 4080 720 4138 exstat
739 4074 854 4138 etiam·
845 4093 875 4134 ιιι
889 4076 1010 4136 Terent.
1024 4075 1189 4156 Adelpnv.
1205 4084 1234 4138 s.
1246 4081 1297 4145 53.

260 4165 457 4242 „Rietns,“
476 4161 567 4242 inquit
586 4160 716 4234 Bothius,
736 4165 935 4236 „ronanam
956 4159 1296 4244 indicassetslpomloo,
