2938 4848
1135 375 1190 454 86

148 551 306 615 claritudine
333 550 471 610 dicontur.
514 549 574 610 Pro
602 551 698 611 Duos
726 549 845 610 Botirius
873 549 1189 626 exanimatione,

148 645 181 697 ιιι
206 635 382 715 frequentior
409 636 507 696 sibilus
528 636 684 696 tolleretur.
727 637 813 702 Quod
833 636 858 695 si
879 637 1028 715 probares,
1060 637 1190 717 permulti

148 723 197 782 aiii
226 739 338 802 quoque
367 721 424 780 loci
451 721 503 782 tibi
531 721 656 781 mutandi
684 729 789 781 essent.
833 720 1012 784 (laetemur
1002 741 1032 780 ιιι
1054 721 1137 782 codd.
1158 729 1189 782 ιι

148 805 356 885 antiquioribus
379 805 459 878 edd„
486 811 521 864 ut
541 805 616 884 apud
637 806 735 885 Steph.
757 824 883 885 quoque,
904 827 932 868 v.
949 811 1016 867 ιιι
1034 805 1083 868 5·
1074 825 1188 867 inverso

148 891 248 951 ordine
276 891 420 972 leguntur.
463 887 630 951 Emendavit
659 891 860 949 Muretus-
890 891 924 949 V.
945 899 974 953 6.
995 889 1188 951 immolare.

147 975 302 1056 Perperene
323 975 422 1054 Steph.
444 973 573 1034 Lambin.
595 974 674 1034 Deir.
697 975 788 1036 Scrir.
811 975 895 1034 Both.
918 975 1094 1036 involare.
1126 976 1189 1035 Mo·

148 1059 252 1120 nifesto
281 1059 354 1119 eninr
381 1060 435 1118 hoc
464 1059 554 1121 votuit
584 1067 669 1138 poeta
700 1059 886 1138 Tarquinium
919 1060 1027 1120 dicere:
1061 1060 1189 1119 Alterum

148 1145 298 1215 inmolari,
319 1145 401 1216 atter,
422 1150 455 1202 ut
476 1143 590 1203 fratrem
607 1144 799 1215 ulcisceretur,
822 1143 954 1204 cornibus
969 1145 998 1204 in
1015 1166 1059 1205 me
1075 1145 1188 1207 invasit.

148 1230 248 1290 Livius
271 1229 343 1288 Hist.
360 1228 382 1288 Ι.
406 1234 461 1290 57:
495 1229 618 1302 „Comes
639 1229 683 1287 his
706 1229 758 1304 (T.
777 1237 806 1288 et
826 1230 928 1289 Arunti
949 1229 1130 1308 Tarquiniis,
1152 1229 1188 1288 ad

148 1315 292 1374 oraculum
311 1310 563 1393 proficiscentibus)
587 1313 698 1372 additus
716 1313 751 1372 L.
767 1312 869 1372 tonius
883 1314 997 1385 Brutus,
1018 1313 1187 1392 Tarquinis,

149 1418 249 1458 sorore
270 1399 365 1480 regis,
388 1404 486 1469 natus,
514 1397 623 1456 iuvenis
645 1399 732 1479 longe
753 1398 825 1457 alius
846 1399 977 1480 ingenio,
1006 1418 1088 1477 quarn
1108 1398 1188 1458 cuius

149 1483 355 1543 simulationem
375 1482 514 1542 induerat.
559 1483 596 1554 is,
618 1501 701 1561 qurum
723 1483 859 1561 primores
881 1483 1012 1555 civitatis,
1034 1483 1063 1542 in
1086 1481 1185 1562 quibus

148 1568 266 1628 fratrem
291 1587 371 1626 suurn
403 1567 439 1626 ab
466 1568 604 1629 avunculo
632 1565 809 1626 interfectum
835 1568 1025 1640 audivisset,“
1060 1573 1089 1626 et
1116 1586 1189 1647 quas

149 1659 313 1732 sequuntur.
355 1652 438 1712 Aries
472 1651 562 1733 igitur
593 1652 750 1712 immolatus
782 1651 900 1734 fingitur
931 1653 968 1712 L.
995 1653 1073 1711 Junii
1105 1651 1188 1712 Bruti

149 1737 240 1798 frater
259 1735 441 1810 interfectus3
470 1737 594 1796 arietans
616 1744 660 1796 est
681 1737 742 1816 ipse
762 1737 798 1795 L.
820 1737 922 1797 iunius
943 1738 1057 1796 Brutus.
1100 1738 1189 1796 Prac-

86 1847 88 1852 ·
150 1823 253 1883 clarior
279 1820 380 1880 dicitur
401 1821 449 1880 ille
475 1821 561 1893 alter,
594 1821 724 1900 quoniam
754 1822 863 1902 ingenii
884 1823 928 1881 sui
949 1821 1100 1882 facultates
1120 1841 1188 1893 non,

150 1914 183 1966 ut
202 1906 307 1978 irater,
339 1907 539 1967 occultaverat.
561 1939 601 1950 —-
638 1907 670 1966 V.
691 1914 739 1966 10.
767 1907 985 1985 Resupinum
1011 1908 1046 1965 in
1074 1907 1187 1965 coelo.

150 1993 245 2052 Minus
265 1998 344 2051 recte
366 1991 486 2050 0reliius
508 2010 570 2049 cum
592 1989 653 2050 aliis
675 1998 740 2070 post
760 1991 982 2070 Resupinunr
1004 1991 1187 2069 interpunxit.

149 2077 221 2136 Nam
249 2083 310 2136 erte
338 2075 536 2157 coniungenda
563 2082 629 2134 sunt
662 2073 880 2154 prostratum
912 2084 1013 2136 terra
1040 2075 1188 2153 Resupi-

150 2182 228 2221 num
249 2161 426 2220 contueri.
469 2160 533 2219 Alia
560 2160 769 2219 constructione
801 2168 888 2220 etex
909 2167 990 2240 porte
1011 2160 1074 2219 aliis
1095 2159 1189 2221 verbis

57 2271 61 2282 ·
150 2252 237 2328 poeta
263 2245 382 2304 dixisset
412 2264 604 2324 resupinus
631 2244 756 2304 humi
748 2265 872 2305 iacens
894 2246 1100 2304 contuebar
1131 2245 1189 2302 Bo·
1237 2289 1242 2302 .

151 2333 227 2392 tirius
259 2329 422 2390 annotavit·
454 2329 844 2428 „Versu10.loquiturut
873 2331 955 2388 honio
977 2331 1120 2400 Graecus,
1152 2329 1188 2387 do
1236 2327 1241 2333 ’

143 2393 234 2476 ‘coeto
255 2433 387 2486 ιιινιιιιιι,
414 2415 538 2494 itaque'
530 2435 559 2474 ιι
580 2413 795 2515 septentriones
816 2433 986 2486 conversus,
1000 2421 1030 2473 et
1051 2433 1069 2474 ιι
1087 2413 1190 2473 dextra

151 2502 258 2560 liabens
287 2498 439 2572 orientem,
471 2519 526 2578 quo
555 2500 653 2559 mirum
684 2493 746 2558 erat
775 2498 844 2558 ferri
871 2500 907 2559 sb
938 2517 1040 2559 occasu
1070 2499 1189 2558 solem.“

151 2587 215 2645 Non
243 2581 411 2644 constiterat
440 2591 532 2646 tanen
553 2585 717 2664 resupinus,
750 2591 784 2643 ut
803 2585 839 2644 de
860 2585 940 2644 coeio
967 2589 1108 2654 ιιιιιιιιι,
1138 2582 1190 2642 scd

149 2676 326 2752 prostratus,
362 2669 453 2749 cupite
483 2669 519 2728 ad
546 2669 687 2728 meridiem
719 2689 819 2741 vomo,
854 2667 930 2728 forte
959 2669 1067 2729 coelum
1097 2668 1190 2747 adspi·
1223 2710 1226 2714 -

151 2757 253 2816 ciebat.
276 2785 318 2798 -
344 2773 537 2814 maxumum
571 2773 611 2814 ae
636 2752 745 2813 Miris.
789 2755 839 2814 Sic
865 2754 948 2813 hodie
977 2754 1074 2834 vulgo.
1118 2753 1200 2812 olim-

152 2839 368 2921 distinguebent
399 2858 590 2898 maxumum
627 2840 676 2898 Ac
707 2837 828 2910 misit,
872 2839 947 2917 quod
979 2846 1097 2898 metrum
1132 2857 1190 2896 non

152 2925 217 2985 tert.
246 2957 289 2970 ·-
324 2924 358 2981 V.
377 2930 425 2985 12.
452 2923 595 3001 liquier.
623 2923 758 2984 Oretiius:
790 2923 986 3002 „linquicn
1019 2923 1090 2982 und.
1123 2922 1189 3000 aliq.

151 3011 232 3091 prob.
254 3011 337 3068 Gret.
379 3008 498 3088 Recepit
508 3008 681 3068 Lellemand.
702 3041 745 3054 -
765 3005 883 3068 fluere
903 3009 990 3068 Mars.
1009 3028 1026 3067 ι
1042 3008 1131 3092 gloss.
1148 3037 1192 3052 -·

151 3095 265 3154 nitier
286 3092 383 3153 Daris.
400 3099 496 3172 susp.“
518 3093 692 3172 linquier,
713 3092 829 3154 verbnm
845 3093 947 3170 quietis
960 3093 1102 3152 notionem
1117 3099 1191 3150 coni·

153 3181 288 3259 plectens,
306 3177 360 3236 hoc
374 3178 437 3238 loeo
451 3185 496 3236 cst
510 3179 643 3250 alienum
665 3175 783 3236 fluere
796 3184 886 3236 metro
901 3183 1056 3256 repugnst3
1079 3175 1192 3248 nitiejr

154 3282 210 3322 non
234 3270 310 3322 essct
332 3264 526 3343 spernendum,
548 3264 573 3322 si
595 3263 721 3323 codicum
743 3263 912 3322 auctoritate
925 3263 1073 3320 niteretur.
1102 3260 1192 3329 Bene,

155 3349 270 3428 opinor,
297 3348 431 3407 Bothius:
455 3347 665 3419 „Rediatunr
686 3347 776 3406 hobeo
798 3367 849 3427 pro
872 3347 986 3425 supino,
1009 3365 1045 3404 ne
1066 3343 1193 3424 frigeant

155 3435 236 3492 simul
260 3433 355 3504 illato,
390 3433 554 3511 praesertim
581 3433 643 3492 sine
674 3432 789 3511 copula,
823 3430 962 3492 adiectiva
990 3431 1060 3500 duo,
1093 3428 1194 3488 flam·

154 3538 261 3577 ιιιιιιι
283 3523 312 3576 et
331 3517 516 3576 radiatum
550 3517 662 3577 Dicitur
684 3515 760 3576 orbis
777 3516 846 3576 solis
867 3516 1012 3594 liqurer
1034 3514 1093 3574 i.e.
1114 3510 1194 3591 quasi

155 3601 285 3663 diffinere
310 3608 340 3660 et
360 3601 459 3683 spargi
481 3621 532 3681 per
552 3603 675 3674 coslum,
705 3602 898 3674 dextrorsum,
931 3608 964 3659 ut
991 3599 1084 3659 radiet
1109 3613 1193 3658 cursu

156 3690 260 3749 novo.“

652 3789 701 3848 111.
771 3834 776 3839 .

126 3907 128 3912 ’
241 3905 343 3966 Cicero
364 3906 393 3965 1.
407 3925 432 3966 c.
455 3906 496 3966 sie
516 3907 625 3989 pergit:
648 3905 738 3979 „Eius
758 3907 847 3987 igitur
868 3904 969 3966 somnii
990 3925 1009 3966 ιι
1029 3901 1196 3968 coniectori·

157 3993 210 4054 bus
231 4009 304 4069 quae
325 3991 363 4050 sit
383 3991 579 4072 interpretatio
600 3989 686 4066 facts,
706 3991 863 4054 videamus:

207 4075 309 4165 Rex,
338 4099 432 4170 quae
462 4079 501 4151 in
527 4079 604 4149 vita
623 4079 799 4172 usurpant
817 4077 1001 4162 homines,
1027 4073 1200 4169 cogitant,
1272 4137 1277 4147 .

771 4183 909 4268 curent,
933 4179 1087 4266 uident,-
