2938 4848
256 312 441 391 80-

306 535 357 549 ·-
389 492 542 584 Fateor3
582 494 649 565 sed
681 497 793 590 saepe
825 499 965 591 ignevit
995 500 1128 573 fortem
1168 501 1205 571 in
1237 525 1306 596 spe

798 603 1031 694 exspeetdtio.
1034 610 1060 647 “

255 694 362 760 Eadem
382 699 518 780 leguntur
538 719 566 776 p
582 705 641 761 126
656 699 701 758 ed.
718 701 807 760 Merc.
850 703 882 761 ln
904 703 967 763 cad.
984 705 1103 784 Guelph.
1123 703 1217 783 priore
1238 705 1306 766 loco

255 788 325 846 haec
341 785 413 844 Attii
433 783 520 843 verba
541 802 594 842 suo
615 784 679 843 loco
701 791 778 844 mota
799 794 865 845 sunt
886 789 944 847 et
936 809 964 847 ιιι
987 789 1170 869 sequentibus
1190 779 1305 850 Afranii

254 870 349 933 versui
379 875 491 939 assuta,
524 867 552 926 in
581 869 644 927 edd.
672 869 743 929 Vea.
773 871 841 931 Par.
868 873 931 931 Alo.
961 874 1029 934 Bas.
1058 881 1165 934 tantum
1187 876 1306 936 verbum

254 958 397 1016 Fateor.
440 953 607 1012 Posteriore
629 954 691 1013 ioco
713 956 776 1014 cod.
797 956 917 1036 Guelph.
940 959 1011 1018 Ven.
1034 960 1057 1018 Ι.
1079 961 1115 1018 fl.
1148 959 1217 1019 Par.
1236 961 1306 1020 Ald.

255 1038 653 1123 ignabatproignavit.
697 1040 765 1098 dau.
787 1043 1210 1104 semeltaatumhaechabet.
1243 1046 1304 1104 Bo-

254 1127 330 1186 thius
351 1123 528 1185 scribendum
549 1130 630 1222 putat
651 1122 781 1184 sortem
802 1146 897 1206 spem
919 1129 1163 1208 exspectatio.
1217 1129 1304 1189 For-

254 1212 304 1272 tis
326 1211 360 1270 in
382 1229 443 1289 spe
465 1215 523 1280 est,
551 1208 599 1286 qui
620 1209 694 1268 haud
716 1208 800 1270 facilc
821 1229 899 1311 spem
921 1231 1000 1273 suern
1022 1213 1142 1285 deserit,
1169 1214 1227 1313 ιιιιί
1238 1213 1306 1294 spei

255 1297 337 1356 nimis
358 1295 498 1374 indulget.
552 1294 611 1372 Spe
632 1292 749 1367 fretum,
777 1295 882 1375 inquit,
911 1317 998 1377 saepe
1020 1297 1227 1377 exspectatio
1218 1318 1304 1380 igne·

253 1401 318 1444 vuar
345 1379 478 1440 reddidit.
532 1379 610 1438 Haec
630 1336 763 1439 videntuir
783 1380 866 1440 Decii
888 1401 952 1442 esse
973 1382 1076 1455 verbe,
1103 1384 1303 1462 respondentis

254 1466 355 1539 alicui,
388 1463 513 1523 fortasse
539 1463 629 1523 Febio
656 1464 802 1545 collegae,
833 1467 881 1546 qai
902 1466 957 1549 ipsi
978 1469 1075 1529 nescio
1097 1468 1164 1548 quid
1185 1487 1304 1584 speren-

254 1552 319 1611 durn
341 1548 517 1628 exspectend
518 1567 619 1628 umque
639 1550 772 1609 suaserit.

748 1684 809 1745 vn.

339 1801 449 1864 Nonius
470 1823 497 1882 p.
490 1807 573 1865 .1'lt
590 1802 634 1862 ed.
649 1802 751 1862 Mero:
773 1803 977 1887 „segnites
998 1825 1050 1886 pro
1071 1805 1208 1888 segnitie.
1248 1807 1302 1868 Δι-

254 1891 341 1952 tius
333 1911 362 1950 ιιι
383 1887 526 1948 Aeneadis
547 1894 597 1946 eut
618 1886 723 1976 Decio:

304 1975 492 2060 Diniae,
519 1995 613 2064 quae
640 1996 765 2042 eorum
791 1974 968 2067 signitas,
1003 1975 1107 2046 ardet
1125 1975 1275 2047 focus.“

255 2097 355 2157 quae.
406 2075 499 2156 Vulgo
530 2075 630 2153 quod.
684 2075 819 2135 correxit
849 2075 997 2136 Fraterius
1024 2075 1173 2136 Verisimil.
1204 2077 1241 2136 ΙΙ.
1269 2079 1300 2140 5.

254 2164 321 2223 Juu.
344 2164 392 2222 Do
414 2179 506 2221 nunc
527 2159 617 2238 quod
638 2178 759 2218 eorum
780 2161 967 2241 aeguitate
989 2180 1015 2221 a.
1034 2160 1055 2220 f.
1076 2161 1210 2241 Lipsius,
1231 2182 1299 2240 pra-
1329 2209 1338 2224 .

251 2249 340 2316 ,hante
356 2246 470 2306 Deirio:
493 2245 537 2336 Et
559 2262 662 2318 nunc,
684 2263 773 2324 quae
794 2263 913 2304 eorum
936 2245 1114 2329 cognitae,
1137 2267 1163 2306 ιι.
1184 2247 1298 2306 iocus.

739 2379 814 2440 vm.

337 2498 447 2560 Nonius
468 2519 496 2578 p.
513 2501 572 2559 185
594 2497 638 2556 ed.
659 2497 763 2556 Mero:
796 2498 1063 2574 „Verruncent,
1096 2499 1125 2558 id
1146 2506 1204 2574 est,
1233 2520 1298 2561 ver.

254 2592 327 2648 tant.
371 2585 467 2644 Attius
488 2583 516 2641 in
538 2582 681 2641 Aeneadis
702 2589 752 2641 eut
772 2582 880 2641 Decio:

306 2670 365 2741 Te
387 2674 509 2739 sancte
530 2689 709 2738 venerans
731 2668 917 2759 precibus,
942 2667 1094 2756 invicte,
1120 2666 1262 2755 invoco,

304 2770 480 2844 Portenta
504 2777 545 2840 ιιι
570 2771 716 2861 populo,
743 2769 879 2862 pitriee
904 2771 1119 2854 verruncent
1140 2771 1271 2841 bene.“

254 2891 444 2937 venereas.
487 2870 551 2929 Aru.
578 2871 646 2929 Bas:
673 2867 770 2949 stepli.
798 2871 865 2932 dua.
893 2889 1031 2931 verens.
1079 2871 1150 2930 Edd.
1173 2869 1244 2930 Vea.
1267 2877 1297 2931 et

253 2960 322 3018 Par.
346 2978 403 3016 non
424 2956 529 3014 habent
550 2955 723 3017 vocabulum.
744 2989 788 3000 —-
807 2955 993 3015 Portenta.
1021 2956 1093 3015 Ven.
1115 2957 1137 3016 l.
1161 2956 1196 3014 ΙΙ.
1218 2976 1296 3037 por-

159 3049 161 3054 '
254 3035 397 3104 tentam.
444 3041 513 3099 Per.
535 3045 711 3119 portenta.
734 3072 775 3084 -
804 3046 851 3099 ut.
880 3039 948 3099 Per.
970 3047 1044 3099 out.
1075 3073 1118 3085 -
1148 3040 1294 3119 populo,

254 3128 408 3208 patriae.
447 3125 525 3186 Deir.
553 3125 700 3203 popolo,
728 3125 857 3202 petria.
885 3157 927 3170 -
958 3131 1184 3185 verruncent.
1228 3125 1292 3184 Ald.

254 3214 427 3275 Jundiero.
456 3216 686 3271 verruncent.
717 3209 784 3267 Bes.
806 3215 1014 3269 veruncaat.
1045 3210 1142 3288 Steph.
1168 3228 1294 3270 verun-

254 3305 344 3359 cent.
387 3295 521 3375 Scaliger
547 3293 584 3352 ed
607 3294 686 3352 Verr.
714 3294 750 3353 de
770 3293 806 3352 1..
828 3293 863 3351 L.
886 3293 932 3352 Ν.
955 3314 982 3371 p.
994 3300 1033 3354 41
1058 3293 1187 3373 ed.·Bip.
1219 3313 1294 3354 ver-

253 3399 392 3442 runoes.
414 3411 457 3424 -
478 3380 568 3438 Recte
589 3377 707 3437 Bothius
728 3385 828 3438 contre
848 3377 941 3449 Delr.,
964 3378 1102 3450 Scriver.‚
1126 3378 1207 3437 Voss.
1224 3378 1294 3456 Ety-

253 3467 319 3528 moi.
339 3486 367 3527 v.
388 3465 654 3533 Averruucare‚
682 3464 916 3544 interpungentes
938 3464 1006 3534 Te,
1028 3470 1170 3534 sancte,
1191 3483 1293 3524 vene·

253 3571 361 3622 rens‚·
387 3555 498 3619 monet,
530 3554 656 3606 sancte
685 3548 730 3606 hic
757 3567 820 3606 esse
841 3547 1011 3608 adverbium.
1054 3547 1215 3608 laniatus
1238 3546 1294 3606 dici

252 3635 365 3700 videtur
392 3633 515 3712 iuppiter
543 3631 650 3690 Victor.
700 3632 745 3690 Ad
777 3631 945 3710 explicanda
976 3638 1147 3712 portenta
1173 3631 1292 3690 Bathins
1408 3657 1416 3676 .

253 3718 405 3798 exscripsit
424 3717 500 3776 Livii
521 3717 612 3775 iocum
640 3715 712 3774 [list.
734 3716 772 3775 X.
796 3723 850 3776 28:
881 3716 1010 3788 „lterum
1036 3716 1150 3797 longius
1178 3723 1292 3777 erectos

254 3799 425 3888 (Romanoa)
448 3801 506 3860 et
498 3821 552 3861 ram
575 3801 649 3860 inter
669 3801 760 3859 medie
782 3757 904 3878 equiturii
925 3802 1039 3881 agmina
1059 3800 1194 3880 proelium
1215 3801 1291 3859 cien-

252 3901 297 3950 tes
318 3907 421 3949 novum
441 3906 555 3968 pugnae
583 3885 739 3944 conterruit
759 3905 867 3983 genus:
901 3887 1009 3947 essedis
1029 3885 1173 3964 carrisque
1194 3903 1291 3963 super·

252 3983 332 4035 stans
359 3977 482 4031 armatus
509 3971 598 4029 hostis
625 3969 736 4051 ingenti
763 3969 857 4028 sonitu
886 3989 1019 4048 equorum
1041 3977 1221 4046 rotarumque
1241 3969 1290 4028 ed·

250 4060 344 4132 venit,
367 4064 396 4117 et
417 4054 593 4116 insolitos
569 4075 629 4114 erus
651 4054 783 4113 turnultus
805 4055 995 4115 Rornanorum
1015 4053 1171 4114 conterruit
1192 4069 1289 4132 equas.

251 4146 296 4206 lta
317 4144 452 4208 victorem
474 4139 627 4220 equitatum
648 4139 726 4200 velut
746 4139 930 4218 lymphaticus
951 4159 1039 4219 pavor
1060 4137 1202 4216 ιΙίιιιὶιιιιιιΙ
1218 4145 1290 4197 ster·
