2938 4848
1130 407 1186 483 55

137 584 232 678 pidia
265 605 345 671 res,
386 604 480 677 quac
505 579 714 652 necessario
739 580 905 674 longiore
930 582 1104 674 temporis
1129 584 1183 655 in·

137 686 293 758 tervallo
319 707 387 756 nec
412 685 490 756 sine
516 682 783 774 intercapedine
807 685 928 754 tactae
949 706 1031 756 esse
1054 691 1182 776 putan-

139 790 207 861 dae
234 795 336 874 sunt,
368 793 660 877 repraesentatas
686 783 874 856 videmust
900 784 977 856 Sed
1003 786 1073 858 etsi
1098 811 1183 859 con·

138 890 314 976 cedimus,
333 889 604 980 tragoediarum
623 896 836 979 argumenta
857 896 1061 978 propterea,
1084 891 1182 982 quod

137 992 291 1064 historia
304 990 461 1081 mythice
477 990 540 1060 illa
554 990 819 1080 suppeditabat,
833 989 1053 1080 simpliciora
1066 991 1183 1062 fuisse

135 1093 353 1185 faciliusque
379 1094 427 1163 ad
453 1092 672 1163 servandum
697 1098 838 1180 tempus
863 1092 1073 1164 continuum
1098 1101 1184 1184 apta

136 1195 243 1267 reddi
273 1194 437 1286 potuisse
462 1200 499 1263 et
522 1194 733 1285 plerumque
757 1192 900 1263 reddita
927 1215 1027 1281 esse,
1060 1202 1182 1266 tamen

136 1297 301 1391 potuisse
345 1296 453 1365 etiam
491 1317 552 1366 res
584 1294 795 1380 historicas,
836 1296 944 1364 niodo
977 1295 1015 1365 id
1047 1297 1184 1368 vellent

137 1405 288 1491 poetae,
313 1396 365 1468 ita
391 1396 557 1483 tractari,
597 1406 637 1466 ut
663 1395 836 1486 temporis
862 1397 1083 1488 perpetuitas
1107 1420 1182 1469 uon

138 1500 396 1593 negligeretur,
422 1521 495 1570 non
523 1498 640 1568 miuus
667 1504 723 1568 est
748 1498 1030 1569 concedendum.
1072 1495 1183 1570 (lente

137 1601 228 1674 mihi
259 1623 333 1670 non
365 1602 494 1692 liquet,
527 1598 649 1691 quidni
676 1597 906 1690 Carthaginis
933 1602 993 1671 vel
1018 1597 1184 1672 Corinthi

138 1702 362 1796 oppugnatio
388 1703 498 1774 simili
525 1701 727 1771 rationein
753 1722 886 1772 scaeua
917 1705 1185 1793 repraesentari

137 1805 308 1897 potnerit,
336 1825 379 1875 ac
400 1803 612 1874 Thebarum
638 1804 875 1895 antiquarum.
914 1801 973 1890 lit,
1000 1813 1041 1874 ut
1060 1827 1183 1877 exem·

138 1908 239 1999 plum
265 1905 434 1991 afferam,
460 1928 579 1976 nonne
604 1905 641 1974 in
667 1902 793 1974 Persis
808 1904 984 1995 Aeschyli
1010 1897 1183 1998 temporis

137 2009 363 2101 perpetuitas
395 2010 511 2100 magis
544 2008 652 2077 etiam
678 2012 863 2092 servatur,
897 2029 1004 2099 quam
1029 2007 1068 2076 in
1093 2031 1183 2079 nou·

138 2111 247 2182 nullis
275 2107 496 2202 tragoediisi
528 2108 648 2180 Etiam
674 2108 712 2178 iu
736 2109 879 2195 fabula,
920 2111 966 2180 de
992 2109 1101 2180 Balbi
1126 2110 1183 2180 iti·

95 2221 97 2228 “
137 2235 227 2283 nere
261 2213 307 2281 ad
335 2211 527 2281 Lentulum
560 2212 778 2302 composita,
819 2211 1054 2300 probabiliter
1093 2210 1184 2282 nihil

138 2313 238 2385 aliud
273 2321 392 2384 actum
418 2321 491 2400 est,
524 2314 594 2382 nisi
618 2313 783 2404 negotia,
816 2333 909 2404 quae
934 2311 1075 2384 Bulbus
1101 2335 1184 2384 cum

137 2415 299 2488 Lentulo
326 2413 469 2504 habuit3
503 2437 638 2508 euque,
673 2421 713 2484 ut
738 2414 899 2500 videtur,
942 2416 1075 2505 optime
1108 2438 1181 2486 uno

138 2526 266 2588 tenore
292 2539 336 2587 ac
362 2518 439 2586 sine
467 2516 637 2608 temporis
658 2516 922 2586 intermissione
942 2516 1099 2587 describi
1118 2539 1183 2608 po·

138 2625 296 2690 tnerunt.
348 2617 477 2711 Itaque
510 2640 575 2709 per
607 2618 818 2710 sequidem
844 2619 989 2688 minime
1015 2619 1183 2711 intelligi·

139 2728 216 2806 tur,
251 2741 358 2811 quum
388 2729 656 2810 praeteritarum
682 2729 897 2811 argumenta
923 2729 1045 2792 essent
1069 2719 1183 2791 histo·

139 2823 228 2908 rica,
255 2825 428 2912 temporis
453 2822 729 2913 perpetuitatem
749 2821 785 2889 in
802 2822 847 2892 iis
863 2822 1067 2914 neglectam
1082 2845 1183 2912 esse;

141 2945 360 3017 quamquam
381 2925 489 2995 facile
515 2924 602 2993 mihi
622 2924 835 3012 persuadeo,
862 2947 936 2994 uon
961 2945 1183 3016 magnopere
1232 2939 1235 2944 '

140 3033 268 3118 poetas
295 3026 393 3096 illam
419 3033 608 3095 curaturos
632 3025 757 3095 fuisse.
1156 3037 1175 3064 ⁸

243 3123 323 3196 Nec
347 3129 464 3218 magis
480 3127 598 3217 placet
622 3126 737 3195 altera
763 3125 925 3197 eiusdem
952 3126 1021 3196 viri
1044 3125 1178 3216 opinio,

140 3251 249 3323 quam
275 3227 357 3299 loco
376 3234 657 3299 commemorato
674 3229 823 3317 profert,
850 3251 922 3296 uon
936 3251 1048 3298 unum
1062 3229 1183 3297 locum

139 3331 288 3403 fabulae
313 3339 562 3423 praetextatae
588 3351 759 3400 scaenam
782 3329 916 3416 fuisse,
942 3330 1109 3421 profecta
1134 3349 1183 3398 ex

141 3455 204 3520 eo,
239 3434 337 3523 quod
370 3456 417 3502 ex
442 3431 558 3502 Bruto
585 3431 679 3501 Attii
703 3453 832 3500 versus
856 3431 1022 3500 nonnulli
1047 3429 1196 3500 servati·

140 3532 317 3628 suntffl),
345 3535 474 3626 quibus
490 3532 709 3624 Tarquinius
731 3532 919 3624 Superbus
944 3554 1026 3603 cum
1050 3529 1183 3601 somnii

141 3636 407 3707 coniectoribus
440 3635 668 3727 colloquitur,
695 3642 802 3726 atque
828 3657 876 3705 ex
902 3635 1030 3704 eadem
1054 3634 1183 3703 fabula

141 3736 233 3809 haec
265 3739 379 3808 verba
411 3737 559 3806 laudata
585 3737 814 3828 reperiuntur
829 3734 913 3832 ¹¹⁸):
947 3734 1057 3822 „uui
1082 3741 1183 3805 recte

143 3841 325 3926 consulat,
360 3839 487 3908 consul
522 3839 655 3909 cluat.“
707 3837 804 3909 Nam
830 3837 1072 3930 Tarquinium
1095 3834 1183 3906 Nic·

142 3941 292 4014 buhrius
319 3940 366 4010 ad
391 3941 554 4011 Ardeam
579 3940 625 4010 de
650 3940 791 4011 somnio
812 3963 880 4012 suo
895 3962 977 4011 cum
1000 3939 1079 4009 eius
1099 3960 1182 4009 cou-

144 4090 353 4102 -ι--ι-*η-ι
358 4091 447 4100 ..m-n-

227 4139 304 4223 117)
333 4161 377 4220 ap.
406 4141 465 4200 Cio.
494 4140 529 4200 de
555 4139 648 4201 llivin.
672 4141 768 4203 XXll.
796 4175 837 4186 -·
878 4138 954 4224 118)
976 4161 1023 4219 ap.
1045 4137 1126 4198 Varr.
1148 4136 1184 4196 de

140 4224 176 4286 b
193 4225 230 4286 L.
245 4227 278 4286 V.
294 4232 343 4288 14.
365 4247 393 4306 p.
406 4230 446 4288 85
469 4225 514 4286 ad.
536 4225 673 4308 Spengel.

922 4324 944 4386 3
