2938 4848
1146 375 1220 454 lb'

155 559 324 632 dieantur
345 597 412 626 -.
464 553 637 628 Seoundo
667 553 809 648 speeies
841 560 1065 648 togatarum,
1103 573 1198 647 quae

22 669 23 672 ’
154 659 387 732 tabernariae
407 658 655 736 dicuutur-.
698 655 828 730 Tertia
848 654 990 749 speeies
1017 663 1074 728 ost
1092 657 1197 730 fabu-

153 764 273 836 larum
287 762 513 849 Latinarum,
530 780 677 853 quae-
695 757 890 831 Atellanae
904 758 1023 829 diotae
1036 766 1196 832 sunt-u.

154 863 335 944 Quarta
360 863 544 955 speeies
571 867 641 933 est
665 860 947 954 planipedis,
973 857 1035 953 qni
1052 856 1197 932 Graeoe

154 967 287 1038 dieitur
320 965 497 1036 mimus.“
556 962 618 1036 Ab
650 960 752 1034 initio
783 963 941 1034 tortasse
972 961 1197 1054 planipedias

154 1069 327 1141 dicebant
349 1066 582 1159 planipedem
604 1063 761 1136 fabulas.
812 1061 909 1136 Nom
932 1073 974 1136 ut
997 1063 1197 1136 Diomedes

154 1169 256 1240 solos
287 1169 488 1262 planipedis
519 1167 666 1238 nomiae
698 1187 761 1238 eas
794 1165 969 1259 appellat,
1009 1167 1064 1238 sie
1088 1167 1197 1236 etiam

153 1269 372 1350 voeabulurb
411 1266 699 1361 planipedia,
736 1269 837 1361 qnod
875 1269 974 1358 apud
1011 1265 1198 1338 Donatum

154 1373 274 1443 solum
305 1372 501 1464 reperitur,
541 1368 800 1461 posterioribus
825 1370 1048 1461 temporibus
1074 1368 1198 1442 fictum

154 1475 318 1564 videtur,
359 1480 397 1545 et
426 1473 608 1546 recentius
639 1473 798 1546 fortasse
831 1472 939 1546 etiam
968 1478 1025 1543 est
1055 1471 1196 1564 plani·

155 1577 363 1668 pedaria,
402 1577 500 1668 quod
525 1573 588 1647 Jo.
614 1574 742 1666 Lydus
767 1573 883 1646 offert.

256 1692 433 1764 Fabula
471 1691 729 1785 crepidato,
769 1713 794 1761 a
825 1683 1031 1789 Donato⁴²l
1065 1699 1103 1763 et
1132 1691 1195 1765 Jo.

155 1791 320 1890 Lydoss)
347 1803 646 1884 commemorata,
673 1817 721 1866 ex
740 1791 838 1884 Lydi
863 1795 1059 1882 sententia,
1086 1817 1195 1888 qnam

154 1893 443 1990 Reuvensiusa)
470 1897 598 1968 merito
620 1895 796 1982 defendit,
824 1896 951 1966 eadem
972 1903 1068 1983 erat,
1101 1919 1195 1990 qnae

154 1998 356 2090 tragoedia
408 1995 497 2070 Ger.
512 1996 576 2072 do.
590 1997 746 2072 Vossius
752 1995 823 2095 ⁴⁵),
850 1993 954 2070 Gisb.
969 1993 1194 2095 cuperusw)

156 2100 288 2191 aliique
319 2106 554 2192 putaverant,
594 2101 796 2192 crepidatus
829 2105 867 2169 et
897 2099 1065 2192 palliatas
1099 2100 1196 2172 idem
1277 2151 1281 2161 -

156 2201 374 2294 significare.

256 2299 376 2374 Porro
401 2304 592 2374 fabulae
617 2299 975 2390 Rhinthonieae,
1003 2324 1051 2373 ex
1071 2309 1195 2374 aneto·

154 2405 206 2475 ris
239 2405 385 2475 nomine
417 2405 637 2496 appellatae,
678 2405 724 2474 ab
765 2402 921 2496 antiquis
958 2405 1194 2496 scriptoribus

154 2505 347 2598 aliquoties
385 2505 425 2575 fit
464 2505 609 2579 mentio.
664 2505 772 2591 ¹Haeo
804 2506 851 2575 ab
882 2501 1194 2606 ἱλαροτραγῳδίᾳ,

154 2608 258 2678 euius
298 2614 426 2678 anetor
456 2606 571 2679 Snida
611 2605 759 2700 teste⁴⁷j
798 2603 959 2678 Rhintho
988 2610 1077 2697 fnit,
1119 2633 1194 2681 non

154 2715 235 2779 erat
259 2707 417 2779 diversa.
463 2703 796 2808 Ἱλαροτραγῳδίαν
827 2716 949 2781 autem
976 2718 1013 2781 et
1036 2713 1192 2806 tragico·

155 2810 381 2882 comoediam
411 2809 473 2903 qni
503 2833 614 2884 unam
653 2813 875 2903 eandemque
907 2811 1022 2883 fuisse
1053 2821 1191 2905 putant,

156 2933 221 2984 eos
264 2917 363 2982 reete
401 2933 550 2983 censere
590 2913 756 2984 arbitror.
819 2911 1192 3006 Tragieoeomoedioe

154 3019 405 3105 argumentum
430 3020 510 3086 erat
531 3015 726 3106 tragicum,
752 3015 819 3087 sed
842 3014 895 3085 ita
919 3037 1000 3086 eum
1019 3039 1190 3108 persona·

153 3137 254 3202 rum,
285 3136 379 3209 quae
403 3115 442 3185 in
466 3116 662 3188 comoediis
687 3116 866 3187 introduci
890 3118 1074 3207 solebant,
1109 3135 1191 3212 pars
1315 3111 1318 3132 ¹

153 3216 251 3288 tibus
276 3217 504 3309 permistum,
543 3224 690 3310 totaque
713 3219 840 3290 fabula
863 3217 929 3288 tali
960 3222 1067 3292 modo
1094 3244 1190 3292 eom·

152 3317 292 3410 posita,
324 3325 365 3388 ut
388 3319 484 3393 risus
509 3321 648 3412 potius,
680 3343 788 3414 quam
813 3318 1003 3394 admiratio
1012 3329 1067 3400 ,et
1093 3345 1190 3394 eom·

152 3419 356 3507 miseratio,
394 3429 612 3493 moveretur.
663 3419 882 3514 Exemplum
906 3423 1014 3494 huius
1045 3427 1191 3516 generis

152 3521 259 3593 nobis
285 3529 340 3592 est
360 3519 484 3594 Plauti
501 3522 738 3616 Amphitruo,
763 3537 872 3618 quam
896 3523 1058 3598 fabulam
1083 3534 1192 3619 putta

153 3621 233 3714 ipse
267 3623 632 3717 tragiooeomoediam
664 3621 888 3726 appellatss).
946 3625 1111 3700 Eandem
1135 3631 1191 3701 fa·

89 3734 91 3740 '
153 3723 276 3796 bulam
295 3731 337 3795 ut
353 3725 469 3798 fuisse
489 3734 611 3820 putem
635 3723 976 3827 ἱλαροτραγῳδίαν,
1001 3731 1062 3801 vel
1074 3732 1191 3824 ipsum

236 3940 292 4025 42)
320 3946 357 4005 ad
374 3946 496 4006 Terent.
518 3946 635 4026 Adelph.
661 3946 740 4005 Prol.
762 3954 793 4009 7.
815 3980 857 3995 —
884 3945 940 4031 43)
969 3950 1004 4010 de
1015 3950 1190 4033 Magistram

150 4027 221 4107 reip.
236 4029 318 4089 Rom.
334 4031 356 4089 l.
370 4037 421 4092 40.
442 4063 485 4076 -
505 4027 561 4113 44)
584 4031 740 4092 Colleetam
752 4031 806 4092 lia
828 4055 856 4112 p.
869 4042 909 4098 36
921 4052 982 4114 sqq.
1003 4067 1045 4082 ·-
1067 4034 1122 4116 45)
1145 4039 1190 4098 ln·

153 4113 255 4174 stitrrtt
280 4120 358 4195 polit.
384 4117 420 4175 11.
442 4124 474 4180 7.
488 4123 517 4178 2.
544 4147 585 4162 -
613 4113 669 4198 46)
698 4117 860 4179 observata
887 4120 910 4181 l.
932 4127 981 4183 10.
1009 4151 1050 4168 -
1078 4119 1134 4206 47)
1162 4145 1189 4187 ι.

147 4187 285 4260 Ῥίνθων·
306 4233 349 4249 ““
375 4198 431 4283 48)
452 4200 589 4283 Amphitr·
609 4201 688 4264 Prole
710 4206 762 4268 ⁶9·
784 4210 836 4268 6³0
