2932 4842
274 356 355 436 186

271 532 393 595 lensia
413 531 524 596 Afranii
543 535 665 616 scriptos
685 535 774 599 inisse
795 538 894 599 diebus
914 537 1005 600 festis.
1030 538 1108 600 idem
1123 538 1214 622 igitur
1228 539 1309 600 etiarn

273 620 309 679 de
329 619 415 680 Attae
442 621 654 702 Megalensibus
674 629 801 684 statuere
821 623 932 698 licebit,
961 630 992 686 et
1012 622 1135 685 fortossa
1156 625 1193 686 de
1209 625 1309 686 Aedi·

223 775 225 780 ,
271 703 360 765 linia
380 725 491 786 quoque
513 706 637 768 eiusdem
657 715 770 788 postne.

691 859 895 871 --

581 953 1008 1038 consonaru'r.

784 1115 808 1174 1.

357 1227 466 1290 Gellius
482 1228 546 1289 XV.
564 1237 619 1292 13:
642 1231 757 1302 „Utor
779 1236 809 1290 et
829 1249 962 1294 vereor
983 1236 1013 1290 et
1032 1231 1162 1291 hortor
1182 1237 1213 1292 et
1233 1251 1309 1294 oon·

274 1312 374 1374 solor
396 1314 551 1374 communio
571 1314 658 1376 verbo
679 1324 760 1388 sunt,
784 1335 818 1376 ae
839 1316 895 1376 diei
915 1323 1036 1396 utroque
1059 1336 1156 1377 versus
1177 1324 1308 1396 possunt:

272 1417 403 1461 vereor
424 1407 459 1458 ta
485 1406 515 1458 et
541 1419 676 1460 vereor
702 1401 765 1462 obs
792 1407 841 1473 te,
867 1399 896 1458 id
923 1408 981 1472 est,
1010 1408 1041 1460 tn
1063 1420 1107 1460 me
1128 1401 1247 1462 vereris.
1268 1433 1309 1446 -·

272 1485 413 1543 Testor
447 1503 559 1564 quoque
595 1491 625 1543 et
652 1484 884 1564 interpretor
921 1484 1129 1566 significatione
1162 1485 1305 1565 reoiproos

272 1567 413 1627 dicuutur.
453 1570 528 1627 Sunt
548 1575 642 1627 auteur
662 1570 749 1628 verbo
769 1570 839 1629 bueo
861 1570 954 1629 omnia
975 1590 1012 1629 ex
1034 1571 1124 1631 altera
1145 1578 1228 1650 parte
1248 1571 1307 1629 inu-

272 1652 371 1724 sitata3
402 1659 432 1711 et
459 1674 494 1714 ao
517 1652 687 1726 dictasint,
714 1653 825 1714 ineam
847 1674 959 1735 quoque
980 1661 1087 1736 partem
1109 1657 1207 1736 quaeri
1228 1655 1308 1714 solet.

271 1735 407 1798 Afranius
427 1736 456 1796 in
478 1738 678 1798 Consobrinis:

322 1820 420 1892 Hem
444 1822 513 1894 isto
540 1831 727 1914 parentum
754 1831 809 1894 ost
833 1813 912 1894 vita
936 1823 1020 1894 vitis
1045 1815 1182 1910 liberis,

322 1922 394 1995 Ubi
419 1926 555 1995 malunt
579 1926 701 2012 nortui,
728 1917 837 2016 quam
862 1926 982 1996 vereri
1007 1948 1048 1996 se
1075 1916 1121 1998 rib
1147 1925 1235 1996 suis.

271 2025 326 2085 llio
347 2025 471 2086 vereri
492 2047 530 2086 ex
552 2047 587 2086 ea
609 2033 688 2104 porte
710 2026 813 2084 dictum
835 2033 888 2098 est,
911 2047 983 2105 quae
1005 2035 1126 2085 estnon
1148 2024 1309 2086 usitatior.“

272 2111 355 2170 Earn
377 2111 459 2169 isto.
488 2111 537 2171 Sia
558 2111 640 2170 codd.
669 2100 803 2190 plerique¹
816 2119 845 2170 et
865 2113 1039 2170 recentiores
1060 2111 1123 2170 edd.
1150 2110 1221 2169 uod.
1242 2115 1310 2171 vett.

271 2196 354 2255 Hem
383 2195 472 2266 iste;
503 2196 569 2255 item
596 2197 764 2276 Stephanos.
802 2197 855 2255 ud.
886 2196 950 2255 Alo.
983 2197 1065 2255 Hem
1097 2195 1206 2255 hisco.
1241 2194 1311 2253 Edi.

273 2280 378 2358 Grypb.
405 2300 496 2362 marg.
524 2281 641 2352 bisne,
674 2289 703 2341 et
730 2282 793 2341 al’s
820 2281 929 2341 bieco.
977 2280 1106 2339 Muretus
1142 2281 1207 2338 Var.
1242 2281 1308 2340 ient.

271 2366 334 2425 vn.
349 2371 377 2437 4,
399 2365 515 2446 Lipsius
537 2366 604 2425 Var.
626 2366 691 2425 leat.
704 2367 739 2425 ΙΙ.
763 2374 813 2437 28,
835 2367 972 2445 probante
989 2365 1105 2439 0iselio‚
1126 2365 1310 2423 Horomoe.

273 2450 448 2521 Gronovius,
477 2467 560 2528 quum
586 2449 615 2510 in
644 2452 706 2510 aod.
736 2451 830 2531 Regio
863 2457 959 2510 exstat
985 2451 1167 2522 Hemosto,
1201 2447 1312 2508 restitui

270 2535 362 2596 voluit
382 2533 447 2592 liei
469 2541 504 2593 tu
527 2535 618 2608 isto,
646 2554 728 2613 quant
750 2536 914 2616 scriptoram
936 2535 1036 2593 merito
1058 2533 1163 2593 refutat
1184 2533 1311 2592 Botbius.

271 2619 348 2679 isto
376 2618 614 2698 interpretandum
641 2620 752 2679 vitietur
781 2640 841 2679 corn
864 2620 992 2679 Falstero
1019 2639 1061 2679 eo
1092 2625 1245 2698 propter
1268 2618 1312 2678 vel

271 2709 489 2784 propterea,
516 2710 548 2762 ut
569 2703 662 2763 Piaot.
691 2705 873 2764 auo.1v.7.
898 2713 932 2766 8:
966 2706 1049 2778 ‚jlsto
1079 2711 1110 2762 to
1137 2722 1244 2783 pauper
1272 2721 1312 2774 as,

272 2807 356 2869 quum
383 2786 464 2846 nimis
491 2795 589 2848 sancte
616 2789 709 2867 pius.“
730 2823 773 2834 —
798 2789 878 2850 vita
898 2789 993 2849 vilis.
1037 2789 1100 2860 Sic,
1130 2787 1312 2867 probantibus

271 2871 487 2946 recentioribus,
509 2873 583 2952 qood
604 2874 700 2946 sciam,
722 2874 858 2946 omatibus,
881 2873 996 2953 Lipsius
1016 2873 1036 2932 1.
1055 2893 1090 2944 c.,
1111 2873 1230 2931 laudans
1252 2872 1311 2931 Cia.

272 2957 301 3019 in
325 2959 387 3017 cat.
401 2958 423 3016 1.
440 2965 474 3020 8:
503 2958 653 3030 „Quorum
677 2965 721 3018 est
743 2959 792 3018 tibi
814 2959 944 3020 videlicet
965 2957 1119 3018 auotoritas
1140 2977 1223 3028 nara,
1255 2957 1313 3017 vita

270 3043 437 3105 vilissimo.“
481 3042 552 3102 Clinr
579 3043 666 3124 volgo
698 3044 847 3124 legebotur
877 3043 1060 3114 vitabilis,
1088 3043 1164 3101 unde
1184 3041 1312 3100 Muretus
1439 3079 1440 3090 κ

270 3127 291 3188 l.
312 3150 337 3189 a.
360 3127 429 3187 fecit
449 3127 526 3189 vite
555 3128 653 3187 bilis.
694 3130 763 3188 Coti.
792 3129 910 3208 Gueipb.
943 3128 976 3186 in
1009 3126 1152 3186 talibus.
1175 3159 1218 3172 ·—
1239 3125 1312 3186 Ubi.

271 3213 375 3274 Mures
396 3211 476 3292 Lips.
494 3213 579 3272 Cisei.
598 3213 674 3280 oui.
696 3246 738 3258 -
759 3214 799 3274 ab
821 3214 906 3274 suis.
928 3211 1312 3290 transsumptione

271 3296 353 3380 Lips.
375 3297 461 3358 Cisal.
483 3319 501 3358 a
521 3297 608 3358 suis.
640 3298 719 3358 tunt.
741 3299 805 3359 Aio.
828 3298 923 3370 suis,
945 3296 1050 3357 omissa
1070 3295 1292 3376 praepositione.

773 3434 810 3494 li.

356 3551 459 3610 Festus
480 3571 508 3612 v.
525 3550 725 3624 Tematoru,
748 3551 849 3611 Sobed.
872 3572 899 3630 p.
917 3557 956 3613 92
974 3551 1017 3611 ed.
1030 3550 1150 3612 Daren:
1173 3548 1313 3624 ‚fferre-

273 3641 357 3707 turu,
381 3635 482 3697 vinum.
505 3635 704 3695 —Afranius
727 3636 754 3695 in
779 3635 978 3696 Consobrinis:

322 3719 395 3792 Pol
420 3713 537 3814 migis
562 3721 667 3793 istius
694 3722 910 3792 timuientao
935 3711 1093 3794 firmes

770 3875 821 3934 ΙΙΙ.

359 3989 505 4050 Charisius
524 3991 561 4051 ΙΙ.
582 3999 687 4071 p.183
711 4012 756 4072 ap.
778 3991 911 4052 Putsab.:
943 3989 1097 4064 „Lenta
1130 3986 1265 4068 Afranius
1286 3983 1314 4044 in

274 4075 477 4137 Consobrinis:

324 4160 408 4234 Non
422 4183 503 4234 snm
517 4153 616 4254 ripnd
629 4159 710 4237 mei
724 4160 831 4252 Hem,
846 4161 964 4234 tintus
977 4147 1075 4234 lenti
1087 4165 1125 4230 te
1138 4147 1316 4250 rogitas
