2932 4842
264 367 343 449 158

265 544 416 608 n‘l'itinio
435 561 553 625 prorsus
574 544 773 607 removesdmn
792 541 899 619 videri,
931 561 1018 626 sums
1037 551 1223 607 mansu-etan
1249 554 1307 607 est.

264 631 416 692 Probabile
436 636 530 690 antem
551 629 641 691 videri
662 638 774 710 posset,
802 631 912 703 Varo,
942 631 1076 704 Varro,
1105 632 1217 693 Varto
1244 651 1307 690 mn-

263 717 379 777 tandum
400 734 465 775 esse
486 716 515 774 in
537 716 709 787 ilaritate,
732 716 758 776 si
778 716 847 776 illud
867 735 924 775 uno
945 723 1054 776 mutum
1074 718 1138 778 loeo
1160 723 1308 790 exstaret3

265 803 315 862 sed
336 809 381 860 ter
402 801 475 860 idem
496 819 554 859 non
576 800 617 860 ita
639 801 728 862 sinile
749 802 914 863 vocabulum
940 801 970 860 in
992 801 1110 862 eandem
1131 802 1236 862 abiisse
1257 802 1309 860 de-

263 885 816 1050 l'tllltolt‘’tillidi‘
824 907 871 1030 ,t
872 887 882 945 ¹
898 886 1057 1030 llll?
1059 887 1192 1031 *stitit
1209 893 1309 1029 ‘lid

522 1011 530 1042 r
811 1039 814 1044 ,
869 1012 878 1043 s
1194 1013 1201 1030 ·

264 1057 339 1117 thius
365 1053 483 1116 fluctuat
508 1055 582 1114 inter
609 1056 701 1114 Varo
729 1062 759 1117 et
784 1057 913 1128 Barro,
950 1056 1018 1115 illud
1039 1063 1132 1116 tanen
1158 1056 1187 1115 in
1209 1054 1308 1114 fronte

264 1141 444 1219 reliquiarum
472 1159 590 1219 ponens.
642 1139 736 1198 Minus
761 1140 912 1201 verisimile
939 1159 1003 1200 esse
1030 1140 1169 1212 arbitror,
1201 1141 1309 1219 ubique

264 1225 294 1284 in
316 1227 368 1286 lroe
388 1224 525 1286 voeabula
546 1225 571 1283 B
593 1225 621 1283 in
643 1225 668 1282 V
690 1225 852 1297 transiisse,
874 1244 955 1303 quam
976 1226 1125 1303 aliquoties
1146 1246 1161 1283 r
1182 1225 1307 1284 litteram

264 1311 433 1390 duplicatam
463 1328 536 1369 esse.
590 1309 728 1381 Librarii,
760 1310 851 1368 minus
879 1310 1046 1368 sententiam
1076 1329 1158 1388 quam
1190 1309 1307 1390 singula

263 1396 351 1458 noba
377 1400 554 1473 spectantes,
586 1393 796 1472 inscriptionem
823 1394 970 1454 habuerint
999 1415 1050 1472 pro
1072 1394 1225 1465 Varronis,
1257 1394 1307 1472 qui

264 1481 350 1538 toties
372 1499 389 1537 a
410 1479 503 1536 Nonio
526 1479 670 1551 laudatur,
699 1481 825 1550 nomine,
853 1479 882 1538 in
904 1498 960 1556 quo
982 1481 1028 1540 vel
1049 1479 1239 1559 imprudentes
1259 1478 1306 1540 vel

264 1564 393 1624 consulto
424 1563 546 1622 litteram
579 1562 745 1623 addiderint.
789 1565 853 1630 Quo
881 1564 965 1624 etiam
986 1563 1090 1624 factum
1111 1563 1241 1636 videtur,
1272 1570 1306 1622 ut

264 1655 331 1710 onte
352 1647 427 1706 istud
449 1667 548 1708 nomen
571 1648 688 1725 ubique,
710 1667 790 1726 quam
814 1669 866 1708 nos
887 1648 1117 1728 praeposuimus,
1140 1648 1245 1708 omissa
1265 1647 1306 1708 sit

264 1734 299 1793 in
317 1731 505 1811 praepositio,
527 1751 599 1810 quae
620 1732 701 1804 alibi,
725 1733 753 1790 in
776 1732 838 1792 edd.
861 1735 972 1812 quidem
989 1733 1075 1805 Ven,
1095 1733 1169 1812 apud
1183 1733 1306 1793 Nonium

263 1816 325 1876 iere
347 1837 457 1895 semper
477 1816 633 1876 fabularum
655 1817 812 1878 nominibus
834 1817 961 1896 praefixa
987 1825 1113 1898 apparet.
1156 1818 1228 1877 Num
1255 1836 1305 1878 au-

264 1909 333 1974 tem,
356 1902 403 1980 qui
424 1901 451 1961 in
473 1903 527 1962 hoe
547 1901 642 1960 fabula
663 1903 812 1980 prodiebat
829 1903 937 1975 Varus,
958 1923 991 1962 re
1011 1923 1080 1964 vera
1101 1901 1188 1963 fuerit
1208 1921 1305 1974 varus,

136 2002 138 2006 '
263 2007 300 2048 an
320 1987 415 2066 potius
438 2007 473 2046 eo
495 1995 602 2048 tantum
623 1986 736 2046 nomine
756 1988 959 2068 appellaretur,
991 2007 1028 2048 er
1050 1987 1219 2070 frognrentis
1247 2006 1305 2058 non

263 2071 442 2154 intelligitur.
462 2135 463 2138 ,

672 2205 902 2218 Ἣ

581 2257 984 2352 vaorrennn

772 2427 793 2486 l.

347 2532 457 2594 Nonius
478 2541 539 2614 ΡΛ
561 2533 606 2594 ed.
628 2535 731 2596 Mero:
753 2536 922 2610 „Senium
942 2537 1031 2618 ipsum
1052 2536 1227 2618 positumsie
1239 2534 1305 2619 (pro

264 2619 361 2702 malo).
404 2620 532 2679 Titinius
552 2619 582 2678 in
603 2619 762 2680 Veliterno:

608 2747 656 2758 -
683 2705 796 2784 Quod
821 2707 944 2798 pestis,
972 2708 1075 2778 senia
1100 2715 1137 2778 et
1160 2707 1279 2800 idrgia

314 2803 481 2877 Sesimet
507 2807 657 2878 aedibus
684 2809 942 2901 emigrarunt.“
967 2851 1017 2861 -

264 2907 366 2974 Quod
399 2907 531 2986 pestis,
569 2909 671 2968 senia
704 2912 766 2969 eod.
800 2911 919 2990 Guelph.
953 2917 983 2970 et
1013 2911 1101 2971 llere.
1135 2910 1206 2970 Ven.
1227 2909 1248 2968 l.
1267 2910 1304 2968 ll.

264 2993 363 3059 Quod
384 2991 598 3071 petisseuia.
631 2994 699 3054 Par.
731 2997 832 3061 Quod
857 2996 1083 3076 petisamnia.
1115 2996 1179 3054 nld.
1202 2995 1305 3060 Quod

262 3077 383 3158 pestis
410 3077 525 3137 senio.
554 3079 622 3140 Bas.
656 3081 753 3160 Steplr.
797 3082 893 3146 (tuot
922 3089 1045 3160 pestes
1074 3081 1186 3140 senio.
1220 3080 1303 3151 lum,

262 3163 338 3222 unde
372 3161 460 3244 vulgo
504 3163 674 3236 hauserunt,
716 3167 811 3231 Quot
842 3173 979 3245 pestes,
1021 3166 1133 3227 senia.
1190 3165 1305 3224 Certior

262 3246 412 3308 manifesto
441 3254 486 3308 est
512 3248 652 3328 scriptura
679 3251 778 3317 Quod
799 3251 931 3330 pastis,
959 3251 1072 3311 senia.
1100 3284 1142 3295 —
1174 3256 1210 3309 et
1236 3250 1305 3307 iar·
1408 3315 1412 3322 ¹
1457 3287 1458 3300 r

262 3331 333 3414 gia.
363 3333 446 3391 Both.
469 3332 599 3414 iurgia.
626 3367 668 3380 —
696 3336 857 3395 Sesemet
878 3336 1038 3395 aedibus.
1067 3334 1118 3394 Sie
1138 3334 1305 3395 Gulielmius

265 3416 412 3476 Verisimil.
430 3416 452 3475 1.
474 3423 523 3478 24.
551 3418 632 3478 Libri
659 3427 814 3480 sesemet
841 3420 974 3480 diebus.
1013 3419 1129 3499 Lipsius
1156 3419 1305 3498 Antiquur.

261 3501 328 3560 leet.
354 3501 444 3563 lV.5
480 3521 562 3562 sese
590 3505 678 3564 meis
713 3505 880 3576 aedibus,
917 3525 974 3564 non
1005 3505 1180 3585 improbante
1203 3504 1314 3576 Delrio

262 3586 299 3645 ad
332 3586 435 3646 Senee.
469 3586 613 3667 Hippolyt.
644 3596 722 3664 914,
757 3589 805 3670 qui
835 3591 916 3649 simul
946 3591 1061 3650 coniicit
1091 3597 1228 3669 septem
1260 3587 1306 3649 vel

262 3671 437 3730 hiseemet
466 3670 600 3732 diebus.
650 3675 734 3755 Casp.
764 3676 862 3734 Barth.
883 3675 1002 3736 Advers.
1033 3674 1124 3735 XVll.
1153 3681 1181 3736 2.
1217 3675 1306 3733 Sese

264 3754 326 3815 mis
347 3755 507 3838 aedibus.
544 3759 628 3817 Both.
656 3768 769 3820 semet
790 3759 949 3820 sedibu.
1319 3761 1324 3767 ”

768 3879 804 3940 ll.
835 3897 838 3902 ’

348 3984 496 4067 Noniusp.
509 3987 740 4050 arretinos:
764 3988 965 4062 „Postieam
976 3984 1112 4050 feminino
1119 4007 1231 4072 ,genem
1239 4007 1307 4048 eon·

264 4070 414 4136 sueurdine
426 4073 608 4152 appellamus.
619 4107 663 4120 --
675 4075 804 4136 Titinius
815 4081 917 4154 neuun
930 4072 1111 4140 iuventamn
1124 4073 1180 4136 dici
1190 4074 1306 4154 probate

372 4197 422 4214 -·
448 4159 573 4252 Atque
599 4160 672 4232 ddo
699 4161 851 4255 postico,
876 4161 970 4254 quas
996 4165 1078 4236 loeo
1102 4160 1308 4232 meroide.“
