2932 4842
1089 495 1092 511 Ξ
1127 399 1209 478 rna

160 583 220 636 tum
241 575 279 636 ad
300 574 462 647 Geminam,
491 593 581 654 eoque
602 571 760 657 significari
780 574 915 636 rusticum
921 617 931 647 ,
963 575 1000 636 de
1020 593 1076 658 quo
1097 573 1127 636 io
1147 573 1206 637 tina

161 661 224 722 eius
244 659 359 721 inbutae
379 657 560 740 reliquiarum
582 659 712 720 diximus.

654 828 716 890 vti.

249 947 367 1009 Paullus
397 967 435 1008 ex
465 945 568 1006 Festo:
600 946 875 1029 „Pergraecari
896 952 942 1008 eat
962 944 1054 1027 epuiis
1074 951 1105 1008 et
1123 951 1204 1027 pota·

165 1033 288 1094 tionibus
311 1031 456 1094 inservire.
500 1029 642 1090 Titinius:

240 1175 291 1188 --
319 1133 514 1204 Hominem
540 1124 764 1226 improbum!
799 1130 906 1204 Nono
931 1133 1007 1204 ruri
1034 1154 1203 1228 pergrae-

799 1225 947 1306 utitur.“

164 1351 319 1414 Ducenius:
341 1349 626 1435 „Pergraecori
658 1351 892 1431 intemperantius
913 1352 1010 1413 bibere
1032 1353 1205 1412 Graecorum

164 1458 261 1510 more,
283 1437 330 1517 qui
352 1439 467 1497 remotis
489 1437 593 1517 epulis,
616 1437 768 1496 maioribus
789 1437 896 1516 pocuiis
918 1437 1082 1516 poscebant.
1112 1437 1205 1499 Cicer.

166 1523 195 1582 in
212 1523 293 1583 Verr.
316 1523 364 1604 (tl.
382 1533 409 1584 1.
425 1520 495 1604 26):
518 1523 576 1581 Fit
597 1542 713 1582 sermo
735 1522 835 1581 inter
856 1543 934 1595 eos,
955 1531 990 1582 et
1011 1522 1204 1596 invitatio,

165 1615 205 1668 ιιι
248 1609 389 1668 Graeco
432 1628 527 1666 more
569 1607 764 1666 biberetur.
830 1608 1013 1668 Hortatur
1053 1609 1203 1687 bospes3

165 1699 322 1774 poscunt
356 1691 553 1751 maioribus
597 1692 755 1770 pocuiis3
800 1692 1019 1751 celebratur
1053 1691 1204 1752 omniurn

166 1796 331 1837 sermone
351 1775 580 1856 laetitiaque
602 1777 845 1838 convivium.“
886 1777 1041 1836 Asconius:
1064 1777 1205 1850 „Estau-

167 1869 222 1921 tem
244 1864 409 1922 Graecus
430 1882 518 1933 mos,
548 1881 631 1941 quum
659 1881 763 1920 merum
785 1860 894 1939 cyathis
914 1863 1017 1933 libant,
1049 1863 1206 1921 salutantes

166 1947 255 2028 primo
277 1947 355 2018 deos,
378 1947 479 2006 deinde
502 1947 606 2006 amieos
628 1965 697 2006 suos
713 1945 884 2006 nominatim.
916 1945 986 2005 Nam
1001 1946 1087 2006 toties
1101 1965 1206 2004 merum

167 2032 274 2103 bibunt,
296 2032 407 2111 quoties
429 2039 458 2091 et
480 2033 549 2090 deos
571 2051 638 2090 suos
661 2040 690 2090 et
711 2050 794 2090 caros
816 2050 884 2090 suos
898 2029 1059 2090 nominatim
1073 2035 1207 2091 vocant.“

166 2115 290 2176 Verbum
311 2118 554 2198 pergraecari
575 2116 729 2195 reperimus
750 2115 833 2174 etiam
851 2117 924 2195 opud
941 2115 1071 2177 Piaut'um
1084 2115 1207 2176 Mosteib

167 2201 215 2262 Ν.
238 2209 268 2262 2.
293 2207 352 2262 44:
374 2201 542 2274 „Triduum
564 2221 648 2260 unum
671 2208 715 2260 est
726 2200 800 2259 baud
815 2201 1001 2260 intermissum
1019 2201 1122 2260 Scorta
1133 2199 1207 2273 duci,

167 2286 364 2367 pergraecari,
396 2285 539 2360 fidicinas,
571 2285 701 2345 tibicinas
728 2286 881 2358 Ducere;“
914 2293 944 2345 et
974 2287 1047 2365 apud
1069 2285 1208 2346 isidorum

168 2371 251 2452 (irig.
265 2371 328 2430 XV.
353 2379 381 2443 2,
404 2371 511 2431 ubi‘ex
533 2372 678 2430 Frontone
700 2371 769 2430 baec
790 2370 957 2429 laudantur:
986 2371 1051 2442 „Ut
1071 2390 1207 2452 pergrae-

167 2455 227 2517 cari
254 2456 347 2536 potius
374 2455 500 2516 amoenis
530 2456 616 2528 iocis,
650 2475 731 2534 quam
753 2455 878 2515 coerceri
898 2474 1012 2515 earcere
1034 2455 1207 2516 videretur.“

167 2541 249 2608 Quos
275 2541 346 2600 duos
374 2541 453 2600 iocos
481 2561 537 2600 non
567 2548 671 2600 norunt
697 2540 800 2601 lexico.
850 2543 998 2600 Caeterum
1020 2541 1074 2600 boc
1096 2559 1227 2620 quoque*

166 2625 355 2706 fragmentum
382 2633 503 2686 tractum
528 2626 641 2688 ridetur
674 2645 712 2685 ex
746 2625 874 2686 Gemina.
918 2624 964 2686 cf.
1002 2624 1063 2686 eius
1094 2623 1208 2704 iabrdae

167 2712 247 2770 locus
267 2712 318 2769 ᾹΙ.

649 2863 726 2924 Viil.
1208 2863 1243 2930 is

251 2997 355 3057 Festus
381 3018 409 3059 v.
436 2995 540 3070 Rica,
579 2997 694 3080 Fragm.
732 3021 761 3078 p.
785 3003 825 3062 49
852 2998 897 3059 ed.
931 2997 1052 3075 Doceat
1090 2995 1210 3069 „ltica
1273 3003 1291 3030 '

170 3087 215 3142 est
235 3081 430 3143 vestimentum
461 3084 625 3162 quadratum
647 3081 813 3143 fimbriatum
835 3103 1020 3164 purpureum,
1043 3100 1099 3160 quo
1121 3079 1208 3142 flami·

167 3186 333 3332 ''bibinibbo
361 3166 476 3247 palliolo
506 3167 624 3229 mitrave
647 3167 815 3241 utebantur,
830 3159 839 3266 ’1
857 3176 890 3228 ut
917 3167 1033 3228 Verrius
1055 3165 1208 3226 existimat.

683 3378 735 3390 --
754 3328 851 3408 Rica
872 3359 920 3408 ex
942 3333 1043 3434 lane)
1062 3325 1212 3407 sr'uccida
1331 3323 1333 3328 ’

272 3428 373 3508 Albio
394 3435 599 3534 vestitis).“
620 3478 670 3491 ·—
817 3449 820 3456 '

171 3539 253 3606 (luae
280 3538 361 3598 uncis
391 3539 571 3612 inclusimus,
599 3559 634 3600 eu
659 3540 694 3620 ob
725 3539 880 3598 editoribus
908 3537 1042 3599 restituta
1076 3543 1143 3598 sunt
1172 3556 1211 3598 ex

149 3623 263 3684 'Pauiii
285 3623 377 3683 bisce:
401 3624 482 3695 „Atii
504 3624 614 3697 dieunt,
645 3623 720 3703 quod
748 3622 835 3705 (rice)
868 3645 906 3684 ex
933 3623 999 3683 iano
1026 3621 1078 3682 fiat
1098 3621 1237 3692 succida¹

170 3707 266 3768 alba.“
302 3707 484 3788 Scripserunt
504 3716 597 3770 temen
619 3709 674 3781 iiii,
696 3709 771 3768 sicut
791 3709 909 3769 Vossius
929 3708 1051 3787 Etymol.
1072 3728 1101 3769 v.
1124 3705 1214 3767 Rieu

170 3799 201 3852 et
217 3791 348 3864 'Botbiueu
370 3794 547 3866 vestitus,
571 3795 661 3874 quod,
684 3814 766 3873 quum
785 3794 846 3854 rice
866 3793 999 3854 muliebre
1020 3791 1107 3854 fuerit
1126 3789 1213 3853 vesti-

170 3885 308 3948 mentum,
339 3877 368 3936 io
397 3878 541 3940 vestita
572 3880 731 3939 mutandum
763 3879 843 3940 duxi.
885 3879 1005 3939 Videtur
1034 3878 1108 3938 enim
1137 3875 1214 3935 istud

170 3962 337 4024 vocabulum
359 3963 553 4045 participium,
582 3983 638 4024 non
661 3964 880 4037 substantivum,
912 3964 978 4043 quia
998 3961 1089 4023 minus
1110 3961 1214 4041 proba·

170 4046 227 4106 biie
248 4053 308 4117 est,
330 4045 441 4126 potitam
464 4049 659 4110 vestimentum
682 4049 865 4128 descripsisse
870 4087 888 4122 ,·
909 4067 991 4127 quam
1012 4047 1109 4108 nescio
1121 4063 1215 4126 -qaam
1248 4057 1250 4062 ·

172 4131 242 4191 rica
265 4133 395 4193 vestitam
427 4131 516 4194 fuisse
543 4133 752 4214 pronuntiasse.
797 4134 968 4194 Vocabulum
988 4133 1069 4192 olba
1090 4130 1215 4190 formas

173 4216 268 4295 aptius
288 4216 398 4278 reseres
416 4218 455 4278 ad
476 4217 569 4294 rica,
591 4237 675 4298 quan
696 4235 757 4280 curn
779 4218 880 4280 Paullo
900 4217 938 4279 ad
958 4218 1050 4278 iane

933 4315 976 4381 10
