2940 4838
259 371 343 450 222

259 549 350 633 gerit,
371 549 454 631 queri
472 547 608 610 Afranius
630 549 784 614 coetum
804 547 927 612 febrim
948 550 1103 631 scripserit
1125 549 1189 611 wc
1210 549 1299 614 sono

259 636 321 697 cius
349 635 384 696 dc
409 634 544 698 Adoro-o.
563 634 631 694 Lot.
657 635 728 716 ling.
750 655 777 714 p.
795 641 846 698 97.
868 635 971 698 Junins
996 637 1113 697 Eteceh.
1134 641 1244 698 auctor.
1266 635 1301 694 cd

259 721 333 780 Non.
356 727 418 800 p.⁴
445 719 529 778 ettnrn
550 719 638 778 cedo
660 719 761 781 tectum
789 739 854 782 esse
873 741 926 802 pro
947 721 1118 782 lucendio
1145 719 1300 782 succurit.

260 808 310 866 Sic
330 805 392 866 fere
418 804 498 864 nesci
518 804 611 884 potuit
632 805 812 884 depravatio:
848 806 882 866 in
911 806 1095 878 incendio,
1124 805 1301 878 incendic,

259 891 294 950 in
330 889 474 960 cendio,
519 888 663 958 cendio,
707 889 826 961 secio,
870 891 989 962 cedio,
1032 892 1138 962 cedo,
1181 891 1301 950 ccede.

260 975 361 1042 Quum'
380 981 473 1034 nutent
494 974 611 1034 Bothius
633 973 755 1033 Comicc.
779 973 846 1035 Lot.
873 974 1004 1057 frcgrnm.
1031 996 1060 1056 p.
1078 981 1138 1038 162
1183 976 1303 1056 Stepho-

260 1081 326 1120 mrn
347 1060 400 1119 sub
414 1058 593 1119 Gnedonir
615 1059 728 1118 nomine
748 1057 937 1140 fragmentum
953 1061 1083 1140 posuisse
1104 1060 1182 1132 dicit,
1205 1080 1303 1140 parurn

260 1151 386 1205 attentus
411 1143 500 1226 tegit,
531 1163 604 1222 quec
631 1144 705 1223 opud
734 1143 809 1204 illum
837 1152 962 1204 exstent.
983 1177 1026 1192 «-
1046 1144 1133 1204 fieri
1158 1144 1303 1208 ridetur

259 1231 344 1290 Both.
386 1227 468 1290 Libri
488 1227 637 1290 videtur
657 1226 761 1300 fieri,
782 1231 857 1309 quod
877 1229 973 1294 venui
993 1250 1051 1290 non
1073 1227 1188 1290 sufficit.
1231 1230 1302 1288 Pro-

260 1315 372 1375 ducitur
392 1315 482 1394 prime
501 1313 610 1391 syllnbe
630 1313 709 1374 verbi
730 1312 831 1386 fieri,
853 1321 887 1374 ut
907 1314 975 1375 olibi
996 1333 1108 1396 quoque
1129 1315 1203 1374 hond
1224 1333 1303 1374 roro.¹

259 1431 301 1447 -·-
323 1419 476 1480 possum.
509 1398 572 1458 Alo.
594 1397 661 1458 Bos.
684 1399 782 1480 Steph.
810 1407 973 1480 possunt.
993 1432 1037 1446 -
1057 1399 1162 1472 Dori,
1192 1399 1302 1462 obviam

259 1483 339 1557 fieri,
360 1483 464 1543 Bothio
485 1483 649 1562 interprete.
671 1517 713 1556 -,
741 1482 772 1545 in
795 1483 867 1544 Ven.
889 1485 912 1546 Ι.
932 1485 971 1546 il.
997 1483 1067 1546 Per.
1088 1479 1197 1546 fmstrc
1217 1503 1303 1564 quee-

259 1577 360 1632 runtur
380 1569 467 1632 reric
488 1565 663 1628 Asrcnios
684 1601 727 1613 -
749 1567 836 1629 dori.

762 1720 796 1779 V.

259 1925 273 1984 ¹
309 1901 313 1916 Ι
344 1834 454 1983 pionius
474 1843 576 1920 pm
600 1833 644 1900 ed.
666 1835 771 1903 Mene:
794 1835 1075 1933 „Epseererent
1116 1831 1301 1902 Afraniotn

275 1944 345 1985 ncen
366 1943 408 1984 ro:

309 2005 620 2103 Experiorebant,
655 1995 899 2082 exsecrabunt
922 2031 964 2082 se
989 1999 1035 2084 ric
1060 2013 1192 2084 snos.“

755 2174 805 2238 Vl.

263 2385 276 2443 Ι
344 2296 452 2442 igonius
473 2318 501 2376 p.
516 2299 577 2358 618
600 2297 645 2356 ed.
661 2296 766 2356 Mem
789 2295 1034 2376 „Derepente
1053 2323 1098 2342 ·-·
1118 2291 1254 2356 Afranio·
1273 2293 1303 2354 in

278 2404 348 2445 oceo
369 2403 413 2442 ro:

310 2468 395 2540 Non
420 2469 676 2558 nequequaque
701 2465 873 2536 idoneum
899 2466 1061 2536 inveniris
1086 2466 1218 2552 locum,
1238 2535 1242 2544 ,

310 2571 383 2643 Ubi
408 2559 621 2658 derepente,
655 2570 763 2659 qurim
789 2569 901 2655 velie,
934 2558 1051 2638 foricis
1077 2567 1238 2638 lutum.“

259 2686 376 2746 facies
407 2686 527 2744 lutum.
579 2683 695 2763 Lipsius
728 2683 874 2766 Epistolic.
909 2691 1018 2764 quaest
1045 2685 1080 2744 V.
1110 2688 1150 2745 25
1185 2681 1302 2744 focius

259 2774 407 2832 lucrum.
449 2769 582 2840 Boeotos,
609 2769 816 2851 interpungens
842 2776 908 2850 post
933 2769 1063 2831 facies:
1097 2770 1221 2848 „inepte
1241 2768 1305 2828 iibri

261 2857 324 2918 sine
354 2854 536 2914 distinctione
564 2852 680 2914 socies
709 2855 828 2916 lotum.
880 2856 1016 2916 Fecere
1043 2853 1158 2917 verbum
1185 2873 1304 2932 nequem

259 2947 321 3013 est,
354 2940 429 3021 epod
456 2938 621 3000 Petronium
648 2939 775 3019 aliosque
802 2959 862 3002 non
888 2938 1067 3020 infrequens3
1097 2939 1210 2998 lotum
1230 2938 1304 2998 inter

260 3026 396 3088 convicio.
439 3023 631 3104 Responderit
655 3025 727 3084 hcec
753 3024 855 3103 oliqois
883 3025 918 3086 ds
950 3033 1048 3104 stupro
1080 3043 1113 3084 se
1140 3023 1303 3104 sppcttonfl'.

256 3109 322 3172 Nisi
343 3110 519 3172 scribendum
546 3109 584 3169 rit
610 3141 653 3154 -
679 3108 745 3170 fec.
774 3110 946 3170 lucrum.“
988 3107 1098 3170 Ncntre
1117 3109 1217 3170 houm
1237 3127 1303 3168 oon·

260 3197 430 3258 iecnrrcrnn
451 3203 518 3274 epte
539 3193 660 3273 qncdrot
679 3194 710 3254 in
730 3194 832 3256 locon·
868 3195 933 3256 Non
954 3193 1051 3256 dnhitc
1074 3194 1217 3274 equidm,
1238 3192 1304 3273 pio

259 3281 377 3344 tocies
397 3282 509 3342 loton
530 3278 634 3340 fflonrn
654 3279 697 3340 sit
714 3299 767 3360 pro
788 3297 907 3344 esces.

754 3447 817 3508 vll.

345 3565 510 3626 Priscianus
532 3564 580 3624 Vi.
602 3572 632 3626 8.
656 3570 706 3626 42.
728 3586 755 3644 p.
768 3572 831 3628 697
852 3586 898 3646 np.
918 3565 1052 3626 Putsch.:
1081 3565 1170 3638 „Non
1193 3570 1238 3626 est
1258 3571 1302 3624 to-

261 3674 324 3714 men
358 3651 560 3733 ignorandum,
597 3650 671 3728 quod
700 3651 785 3710 etiem
815 3649 870 3709 iric
898 3669 1045 3731 pueros,
1078 3650 1194 3732 hicet
1220 3651 1307 3710 hoec

192 3736 194 3742 '
261 3735 551 3819 pner.vetostirsini
572 3735 724 3814 protulisse
744 3735 934 3807 inveniuntur,
957 3742 988 3796 et
1007 3735 1152 3816 puellus
1172 3734 1305 3814 poclis.

261 3856 303 3868 -
324 3819 460 3881 Afranius
480 3821 510 3879 in
531 3819 681 3878 incendic:

312 3917 348 3996 0
373 3924 503 4016 priene,
529 3939 661 4014 pucre,
688 3911 769 3991 sine
794 3921 1003 4014 prospicere
1027 3917 1084 3990 me
1110 3915 1207 3992 mihi.
1216 3925 1242 3964 “

262 4039 472 4124 prospicere
498 4059 557 4098 roe.
602 4035 651 4098 Sic
678 4035 762 4098 Both.
791 4044 820 4098 et
841 4035 940 4100 Kreirl.
969 4033 1089 4100 ecodd.
1133 4037 1229 4122 Vulgo
1255 4037 1305 4097 nri·

262 4147 316 4187 ons
337 4125 476 4188 concinne
496 4141 546 4184 me
567 4123 790 4204 prospicere.
