2940 4838
270 393 355 470 2511

146 554 150 570 ‘
269 571 331 628 niti
358 565 563 650 cogroneitaet
596 565 729 625 Cinea.
771 565 814 624 Aa
845 561 1041 622 memoriter.“
1078 558 1219 633 Hilaro,
1248 557 1314 620 &a

270 653 356 714 animi
377 652 570 734 aegritudine,
601 650 731 710 libenter.
753 681 796 697 -··
817 649 955 708 Mendose
980 647 1067 707 etiam
1095 647 1172 727 opud
1190 646 1314 726 &epire-

271 759 337 798 num
359 745 455 800 exstat
475 757 511 798 se
532 755 584 817 pro
606 744 656 808 te,
677 743 709 794 et
729 734 807 794 dixi
828 753 880 814 pro
901 741 939 793 ut
960 732 1047 793 dixi.

611 1005 970 1067 sUsPac'rn.

782 1139 805 1200 t

357 1242 465 1302 Nouius
487 1250 547 1324 p.6
570 1243 615 1304 ed.
636 1243 740 1302 Mero:
773 1239 1004 1314 „Exercitum
1030 1237 1132 1300 dicitur
1153 1235 1312 1320 fatigatum,

273 1325 375 1385 dietam
397 1328 433 1384 ob
455 1328 602 1384 exercitio.
624 1327 667 1371 -ὲ
687 1325 822 1384 Afranius
843 1323 872 1381 ia
895 1325 1049 1402 Suspecta:

316 1410 386 1481 lta,
415 1417 455 1471 ut
474 1409 556 1471 huic
577 1429 637 1470 ero
663 1407 915 1479 adolescenti,
943 1408 1000 1467 cni
1020 1405 1218 1486 suspiciam
1244 1411 1313 1465 tra-

316 1494 422 1564 didit,
445 1494 501 1573 qui
522 1513 571 1552 me
591 1501 649 1554 est
670 1492 776 1552 animi
798 1493 1021 1552 exercitus.“

274 1579 460 1657 Suspecta
481 1578 553 1638 Van.
575 1579 597 1636 1.
619 1579 654 1636 li.
676 1579 744 1636 Par.
766 1577 937 1656 suspecti.
958 1611 1002 1622 -
1023 1596 1093 1637 ero.
1124 1576 1191 1634 Bos.
1214 1575 1312 1654 Steph.

274 1663 370 1722 hero.
393 1695 433 1707 —
461 1663 662 1741 suspiciunt.
700 1661 767 1720 l‘ar.
795 1661 860 1721 ΑΜ.
887 1661 953 1721 Bos.
980 1662 1078 1741 Steph.
1105 1661 1173 1719 Jun.
1201 1657 1314 1738 suspi-

273 1747 372 1805 rium.
395 1779 437 1791 -
456 1747 613 1808 Palmarius
633 1747 663 1806 in
686 1747 838 1830 spicileg„
862 1749 944 1806 Grai,
966 1745 1057 1806 Thea.
1079 1746 1142 1806 orit.
1158 1745 1201 1804 Τ.
1215 1744 1263 1802 w.
1284 1765 1313 1824 p.

274 1838 353 1904 770,
382 1833 529 1913 proponit:

317 1917 369 1976 lto
390 1925 428 1976 ut
448 1917 528 1977 huie
550 1937 612 1976 oro
636 1907 732 1998 (oroi)
755 1913 999 1986 adolescenti,
1028 1913 1128 1994 ipsus
1149 1909 1314 1993 spiritum

199 2027 203 2034 ⁴
318 2001 383 2060 uui
405 2002 575 2075 tradidit,
606 2002 665 2081 qui
686 2001 763 2061 med
785 2007 841 2061 est
861 2000 968 2060 animi
990 1999 1194 2071 exercituin

275 2084 336 2147 vei:

319 2171 372 2229 itu
390 2177 429 2229 ut
449 2170 553 2228 huius
573 2171 676 2242 hero,
704 2168 945 2230 adolescenti.
975 2168 1056 2248 ipsa
1076 2166 1242 2247 spiritum
1314 2215 1317 2223 ,

319 2254 384 2314 Cui
408 2255 556 2326 tradidi,
586 2255 645 2333 qui
667 2255 731 2314 mai
754 2261 808 2314 est
828 2254 935 2313 animi
956 2252 1153 2312 exercitus.

275 2339 346 2406 uui
372 2340 446 2398 med
467 2345 524 2398 est
551 2339 658 2398 animi
685 2340 873 2399 exereitus
898 2339 973 2400 inter
992 2339 1101 2397 rotatur
1122 2337 1225 2398 auius
1247 2356 1316 2418 ego

274 2424 425 2486 unimam
451 2444 623 2496 exerceo,
654 2431 686 2482 ut
707 2425 781 2484 med
807 2425 845 2483 sit
866 2422 964 2483 aufere
985 2423 1013 2482 di
1033 2440 1133 2495 casim
1162 2422 1221 2500 qui
1250 2421 1316 2481 nei

275 2514 333 2568 est
354 2509 461 2568 uni-i
480 2510 687 2581 exercitus,
710 2509 768 2588 qui
789 2521 839 2568 rae
859 2508 965 2568 animi
987 2517 1143 2566 exercet.
1187 2507 1315 2566 Priorem
1371 2555 1373 2559 .

275 2595 444 2672 scripturum
470 2594 616 2672 umpiexus
641 2601 687 2652 est
708 2594 913 2654 Toubnnanaus
934 2593 971 2653 ad
992 2593 1085 2652 Piant.
1108 2592 1217 2651 Cistoil.
1240 2593 1262 2651 l.
1287 2600 1314 2652 1.

278 2685 333 2748 60,
360 2685 466 2736 mutato
488 2686 595 2736 tontum
617 2678 712 2737 initio:
739 2681 795 2738 ito
816 2686 854 2736 ut
874 2679 973 2749 huic,
1002 2696 1076 2749 ere,
1098 2677 1148 2735 ud.
1192 2677 1315 2736 Perinde

277 2762 387 2821 Pareus
415 2763 444 2820 in
472 2762 581 2822 Lexioo
609 2763 703 2822 Plout.
730 2785 757 2824 v.
780 2763 986 2822 Exercitus.
1030 2761 1191 2822 Gronovius
1213 2762 1316 2821 Obser-

276 2852 347 2907 vott.
370 2847 391 2904 i·
416 2855 444 2906 1.
465 2868 493 2926 p.
508 2856 544 2908 11
566 2868 623 2926 sip,
646 2868 702 2906 non
724 2849 877 2909 adversans
899 2846 1017 2905 aliorum
1037 2846 1171 2926 vulgatae
1192 2847 1315 2926 explico-

276 2931 415 3004 tionibus,
445 2929 571 3010 praefert
599 2940 691 2991 tomen
719 2933 778 3011 qui
807 2932 872 2992 mei
900 2931 1085 2991 estanimi
1116 2933 1314 3005 exereitus,

276 3017 398 3076 oaeterir
424 3035 481 3074 non
508 3017 602 3076 taotis.
645 3018 777 3077 Barthius
797 3018 916 3078 Advers.
938 3016 985 3075 lV.
1009 3020 1027 3077 5
1056 3035 1094 3075 ex
1114 3017 1163 3074 ilia
1185 3016 1244 3076 cui
1265 3035 1315 3074 su·

280 3100 427 3180 spiriura
455 3101 529 3160 eruit
555 3101 614 3181 qui
640 3121 713 3160 aum
741 3099 848 3184 (suum)
877 3101 1053 3180 spiritum.
1096 3100 1217 3160 Botiiua
1239 3099 1316 3160 deni-

275 3204 333 3266 que
352 3186 554 3246 restituendum
575 3193 669 3266 putat:

601 3305 644 3316 —
670 3271 726 3330 lta
746 3277 784 3329 at
804 3271 883 3330 huia
904 3287 964 3330 ero
987 3269 1275 3342 adulescentulo,

319 3355 385 3415 cui
405 3362 609 3434 suspectum
635 3353 693 3437 (vel
711 3353 927 3436 suspectam)
949 3354 1154 3426 tradidisti,
1178 3355 1237 3433 qui
1259 3351 1316 3434 (vei

718 3439 821 3520 quaa)
844 3459 892 3499 me
914 3445 971 3498 est
992 3437 1100 3498 animi
1122 3440 1315 3499 exereitus.

275 3524 404 3590 Quarum
426 3523 648 3584 coniecturarum
669 3541 813 3584 numerum
834 3525 859 3584 si
880 3541 988 3606 augore
1009 3523 1090 3596 lieet,
1116 3543 1285 3604 proponam:

328 3625 405 3711 Ita,
439 3631 480 3695 ut
503 3617 591 3696 huia
620 3645 682 3697 ero
710 3616 950 3750 adolesodati,
987 3627 1045 3697 oui
1073 3619 1317 3718 suspicionem

885 3726 1029 3814 tradidi,

327 3824 376 3896 Et
394 3817 462 3918 qui
481 3849 538 3898 me
555 3835 616 3916 eat
635 3830 747 3899 *animi
768 3816 962 3901 extruitur.
983 3869 1032 3882 -

274 3944 340 4003 cui
368 3943 610 4023 suspicionem
637 3947 788 4018 tradidi,
817 3965 896 4024 quem
918 3949 954 4007 ad
977 3948 1165 4029 suspicionem
1187 3943 1316 4026 perduxi.

273 4029 410 4089 Similiter
437 4031 547 4088 locutus
575 4036 620 4090 est
647 4033 748 4091 Cieero
776 4033 866 4111 Epist.
896 4035 932 4092 ad
954 4033 1020 4092 sem.
1043 4035 1091 4093 ΙΙΙ.
1116 4042 1171 4094 12:
1203 4032 1318 4107 „Vetas

273 4121 373 4174 nostra
394 4115 521 4174 sinaitas
543 4125 629 4175 antea
646 4117 808 4176 stimulabat
829 4137 887 4189 me,
919 4124 1114 4190 dicaveram,
1146 4137 1183 4176 no
1204 4117 1249 4176 cui
1272 4133 1318 4174 sn-

271 4200 423 4278 spioionenr
443 4199 528 4260 fletae
549 4202 749 4262 reconciliatos
770 4203 883 4283 gratiae
898 4203 1038 4277 dorem;“
1060 4211 1090 4263 et
1113 4203 1200 4262 Corn.
1221 4201 1318 4280 Nepos
