2932 4842
338 827 390 896 n.
429 825 772 916 ourncnn
807 829 1060 900 annun.

626 984 779 1000 m

284 1099 396 1174 'l'ito
421 1125 642 1194 praenomen
666 1105 782 1176 tuisse
807 1103 951 1197 politae,
978 1105 1222 1198 Hieronymus

182 1209 313 1274 auctor
344 1211 400 1276 est
424 1205 462 1274 in
489 1203 670 1276 Chronico
697 1205 979 1300 Eusebiano*);
1011 1231 1128 1302 neque
1155 1217 1222 1294 est,

183 1307 281 1398 quod
300 1307 345 1377 de
366 1307 436 1379 hoc
458 1309 661 1379 testimonio
680 1309 895 1395 dubitemus,
922 1309 1007 1380 licet
1022 1313 1118 1401 apud
1133 1309 1224 1380 Dio-

181 1409 324 1478 medem
340 1407 415 1478 111.
442 1431 477 1501 p.
492 1409 569 1481 488
591 1433 647 1501 ap.
675 1407 825 1481 Putsch.
843 1413 1003 1504 legatur:
1031 1411 1225 1504 „Togatas

182 1511 409 1580 tabernarias
431 1511 467 1579 in
487 1533 654 1582 scaenam
671 1514 909 1585 ductaverunt
923 1513 1116 1606 praecipue
1139 1516 1224 1599 duo,

182 1609 361 1682 Afranius
388 1620 424 1684 et
450 1608 497 1684 G.
525 1613 756 1691 Quinotiusf‘
800 1613 896 1686 Nam
920 1638 987 1706 pro
1015 1611 1064 1688 G.
1090 1615 1225 1693 (luin-

184 1713 308 1785 ctius
341 1713 419 1806 sive
452 1711 495 1786 G.
524 1714 792 1804 Quinctius,
832 1720 929 1810 quod
961 1717 1057 1788 Lud.
1095 1714 1224 1787 Carrio

182 1812 388 1886 Emendatt.
406 1814 438 1887 Ι.
456 1817 504 1888 ii
525 1817 563 1886 in
585 1819 707 1888 nescio
722 1841 793 1910 quo
809 1821 934 1890 codice
951 1820 1096 1910 reperit,
1117 1842 1226 1911 quum

184 1916 223 1985 in
257 1917 515 2010 antiquissimis
549 1920 765 1992 editionibus
799 1928 918 1992 exstet
951 1920 999 1998 Q.
1034 1920 1225 2006 Ennius,

184 2017 395 2110 simpliciter
411 2043 544 2091 nomen
559 2023 787 2094 scribendum
804 2023 946 2094 videtur
959 2022 1206 2100 Quinctius
1207 2071 1226 2116 2

184 2123 283 2213 quod
315 2121 444 2193 melius
477 2123 585 2194 etiam
618 2126 813 2216 respondet
844 2125 1071 2195 antecedenti
1097 2124 1227 2195 Afra-

184 2223 298 2294 nius.
338 2221 468 2313 Inepte
499 2223 663 2296 Jacobus
688 2225 863 2298 Nicotaus
887 2225 1045 2298 Loensis
1071 2223 1226 2297 Miscell.

186 2324 355 2416 epiphyll.
377 2324 452 2398 IX.
476 2325 524 2396 18
551 2326 640 2397 illud
666 2327 714 2405 Q.
749 2327 922 2399 Ennius
948 2335 1088 2398 mutare
1113 2328 1229 2398 voluit

185 2425 224 2495 in
248 2425 442 2498 Vectius
469 2427 719 2500 Titinnius.
772 2426 847 2500 Pro
874 2430 1089 2522 cognomine
1115 2429 1229 2500 Atta

185 2527 224 2597 in
273 2529 429 2621 antiquis
469 2529 572 2600 libris
614 2532 826 2622 saepissime
865 2532 998 2624 legitur
1035 2530 1228 2615 Accius,

185 2628 371 2718 Actius,
391 2629 569 2720 Attius3
594 2631 896 2704 interdumetiam
912 2633 1031 2704 Acta
1049 2633 1108 2703 vel
1125 2632 1227 2703 Ata.

188 2727 283 2802 Cum
315 2730 410 2803 Attii
442 2734 573 2827 tragici
611 2736 757 2807 nomino
796 2742 1002 2828 togatarum
1044 2735 1230 2825 scriptoris

186 2855 319 2904 nomen
353 2835 544 2906 confusum
580 2858 661 2908 esse
694 2838 838 2907 videtur
870 2859 894 2907 n
925 2836 1083 2908 librariis
1107 2836 1230 2927 impri-

186 2935 256 3006 mis
289 2957 353 3023 eo,
393 2941 490 3030 quod
521 2937 618 3010 illius
649 2938 842 3010 celebritas
867 2940 980 3010 multo
1007 2937 1124 3009 maior
1147 2938 1230 3024 fuit,

188 3058 296 3130 quum
322 3036 442 3127 huius,
469 3041 515 3110 de
540 3062 611 3132 qno
637 3037 791 3112 Paullus
818 3063 866 3111 ex
891 3041 1023 3112 Festo:
1057 3039 1231 3127 „Attae

189 3139 425 3230 appellantur,
452 3141 514 3233 qui
538 3150 685 3234 propter
709 3142 836 3213 vitium
850 3166 995 3214 crurum
1015 3150 1079 3212 aut
1098 3143 1232 3233 pedum

187 3241 319 3333 plantis
345 3242 524 3332 insistunt,
551 3251 588 3314 et
613 3245 792 3338 attingunt
817 3247 933 3338 magis
954 3253 1098 3328 terram,
1123 3265 1232 3334 quam

190 3343 392 3433 ambulant3
431 3347 529 3438 quod
561 3368 762 3438 cognomen
795 3347 966 3425 Quinctio
1006 3352 1136 3436 politae
1168 3346 1230 3415 ad·

188 3443 344 3515 haesit.“
394 3442 454 3519 Gt.
487 3446 644 3519 Vossius
676 3449 832 3540 Etymol.
865 3472 900 3520 v.
934 3447 1054 3519 Atta.
1107 3446 1233 3517 Aliam

191 3546 354 3618 eiusdem
378 3548 534 3620 nominis
557 3550 854 3643 significationem
874 3551 970 3621 idem
985 3546 1138 3619 Paullus
1160 3555 1232 3618 sta·
1347 3547 1349 3552 ’

191 3648 254 3718 tim
280 3649 574 3760 insequentibus
600 3654 768 3745 exponit:
806 3703 830 3741 „
838 3649 963 3724 Altam
994 3673 1060 3744 pro
1089 3647 1232 3744 (praei)

274 3864 462 3948 ⁰)Botl1ius:
490 3871 602 3947 „Quod
631 3873 667 3930 od
697 3891 868 3952 praenomen
896 3871 951 3932 viri
981 3868 1102 3942 attinet,
1124 3868 1235 3928 Titus

191 3952 342 4019 Quinctius
373 3956 442 4015 Atto
468 3964 587 4018 vocatur
615 3956 700 4016 etiam
720 3956 920 4017 a'Sclroliaste
941 3954 1135 4034 Cruquinno.“
1169 3955 1235 4034 ugo

191 4037 266 4116 apud
286 4040 361 4098 hunc
381 4040 562 4101 scholiastnm
583 4047 691 4100 tentum
713 4062 872 4124 cognomen
895 4041 1005 4112 inveni,
1028 4038 1132 4099 omisso
1153 4057 1236 4118 prac-

190 4121 303 4183 nomine
330 4131 360 4184 et
380 4125 501 4185 nomine.
545 4126 686 4205 cruquins
713 4128 751 4186 nd
776 4128 876 4187 Horat.
900 4125 1235 4207 miserrimorum

192 4207 316 4286 appellat
337 4210 437 4270 'litum
460 4209 622 4277 Quinctium
642 4211 748 4272 Attum.
1107 4207 1109 4212 ⁵
