<?xml version="1.0" encoding="UTF-8"?>
<!DOCTYPE html PUBLIC "-//W3C//DTD XHTML 1.0 Transitional//EN"
    "http://www.w3.org/TR/xhtml1/DTD/xhtml1-transitional.dtd">
<html xmlns="http://www.w3.org/1999/xhtml" xml:lang="en" lang="en">
 <head>
  <title>
</title>
<meta http-equiv="Content-Type" content="text/html;charset=utf-8" />
  <meta name='ocr-system' content='tesseract 3.04.00' />
  <meta name='ocr-capabilities' content='ocr_page ocr_carea ocr_par ocr_line ocrx_word'/>
</head>
<body>
  <div class='ocr_page' id='page_1' title='image "./defabulatogatar01neukgoog_0274.png"; bbox 0 0 2940 4838; ppageno 0'>
   <div class='ocr_carea' id='block_1_1' title="bbox 1110 375 1195 464">
    <p class='ocr_par' dir='ltr' id='par_1_1' title="bbox 1110 375 1195 464">
     <span class='ocr_line' id='line_1_1' title="bbox 1110 375 1195 464; baseline -0.024 0"><span class='ocrx_word' id='word_1_1' title='bbox 1110 375 1195 464; x_wconf 69' lang='grc'><strong>939</strong></span> 
     </span>
    </p>
   </div>
   <div class='ocr_carea' id='block_1_2' title="bbox 149 559 1223 706">
    <p class='ocr_par' dir='ltr' id='par_1_2' title="bbox 149 559 1223 706">
     <span class='ocr_line' id='line_1_2' title="bbox 149 559 1223 640; baseline 0.001 -20"><span class='ocrx_word' id='word_1_2' title='bbox 149 561 260 622; x_wconf 88' lang='lat' dir='ltr'><strong>laudern</strong></span> <span class='ocrx_word' id='word_1_3' title='bbox 287 579 345 619; x_wconf 89' lang='lat' dir='ltr'><strong>non</strong></span> <span class='ocrx_word' id='word_1_4' title='bbox 372 579 456 640; x_wconf 84' lang='lat' dir='ltr'><strong>posse</strong></span> <span class='ocrx_word' id='word_1_5' title='bbox 481 559 645 639; x_wconf 81' lang='lat' dir='ltr'><strong>procedere.</strong></span> <span class='ocrx_word' id='word_1_6' title='bbox 688 559 779 625; x_wconf 75' lang='lat' dir='ltr'><strong>(duam</strong></span> <span class='ocrx_word' id='word_1_7' title='bbox 807 565 901 620; x_wconf 74' lang='lat' dir='ltr'><strong>tantu</strong></span> <span class='ocrx_word' id='word_1_8' title='bbox 927 559 953 620; x_wconf 85' lang='lat' dir='ltr'><strong>sl</strong></span> <span class='ocrx_word' id='word_1_9' title='bbox 978 565 1012 622; x_wconf 82' lang='lat' dir='ltr'><strong>tn</strong></span> <span class='ocrx_word' id='word_1_10' title='bbox 1033 559 1223 636; x_wconf 38' lang='lat' dir='ltr'><strong>intuentos</strong></span> 
     </span>
     <span class='ocr_line' id='line_1_3' title="bbox 149 643 602 706; baseline -0.009 0"><span class='ocrx_word' id='word_1_11' title='bbox 149 653 183 706; x_wconf 90' lang='lat' dir='ltr'><strong>ut</strong></span> <span class='ocrx_word' id='word_1_12' title='bbox 204 646 245 706; x_wconf 88' lang='lat' dir='ltr'><strong>ait</strong></span> <span class='ocrx_word' id='word_1_13' title='bbox 265 643 400 706; x_wconf 74' lang='lat' dir='ltr'><strong>Afranius</strong></span> <span class='ocrx_word' id='word_1_14' title='bbox 420 645 449 704; x_wconf 83' lang='lat' dir='ltr'><strong>iu</strong></span> <span class='ocrx_word' id='word_1_15' title='bbox 471 645 602 704; x_wconf 76' lang='lat' dir='ltr'><strong>Tbaitlct</strong></span> 
     </span>
    </p>
   </div>
   <div class='ocr_carea' id='block_1_3' title="bbox 200 729 1143 838">
    <p class='ocr_par' dir='ltr' id='par_1_3' title="bbox 200 729 1143 838">
     <span class='ocr_line' id='line_1_4' title="bbox 200 729 1143 838; baseline 0 -20"><span class='ocrx_word' id='word_1_16' title='bbox 200 737 570 834; x_wconf 65' lang='lat' dir='ltr'><strong>burdemontem,</strong></span> <span class='ocrx_word' id='word_1_17' title='bbox 603 729 713 838; x_wconf 78' lang='lat' dir='ltr'><strong>qndm</strong></span> <span class='ocrx_word' id='word_1_18' title='bbox 737 739 899 816; x_wconf 84' lang='lat' dir='ltr'><strong>laborem</strong></span> <span class='ocrx_word' id='word_1_19' title='bbox 926 740 1143 820; x_wconf 63' lang='lat' dir='ltr'><strong>invenerat</strong></span> 
     </span>
    </p>
   </div>
   <div class='ocr_carea' id='block_1_4' title="bbox 555 892 759 908">
    <p class='ocr_par' dir='ltr' id='par_1_4' title="bbox 555 892 759 908">
     <span class='ocr_line' id='line_1_5' title="bbox 555 892 759 908; baseline 0 0"><span class='ocrx_word' id='word_1_20' title='bbox 555 892 759 908; x_wconf 68' lang='lat' dir='ltr'><strong>auda—h—</strong></span> 
     </span>
    </p>
   </div>
   <div class='ocr_carea' id='block_1_5' title="bbox 107 963 1194 1299">
    <p class='ocr_par' dir='ltr' id='par_1_5' title="bbox 107 963 1194 1299">
     <span class='ocr_line' id='line_1_6' title="bbox 235 963 1194 1046; baseline 0.003 -23"><span class='ocrx_word' id='word_1_21' title='bbox 235 965 316 1025; x_wconf 84' lang='lat' dir='ltr'><strong>Hanc</strong></span> <span class='ocrx_word' id='word_1_22' title='bbox 342 972 471 1046; x_wconf 77' lang='lat' dir='ltr'><strong>togatam</strong></span> <span class='ocrx_word' id='word_1_23' title='bbox 493 965 567 1024; x_wconf 91' lang='lat' dir='ltr'><strong>baud</strong></span> <span class='ocrx_word' id='word_1_24' title='bbox 588 963 672 1024; x_wconf 85' lang='lat' dir='ltr'><strong>facila</strong></span> <span class='ocrx_word' id='word_1_25' title='bbox 694 964 837 1043; x_wconf 84' lang='lat' dir='ltr'><strong>qnisquam</strong></span> <span class='ocrx_word' id='word_1_26' title='bbox 865 963 1010 1024; x_wconf 62' lang='lat' dir='ltr'><strong>mutatu«</strong></span> <span class='ocrx_word' id='word_1_27' title='bbox 1025 985 1092 1045; x_wconf 75' lang='lat' dir='ltr'><strong>qur·</strong></span> <span class='ocrx_word' id='word_1_28' title='bbox 1119 977 1194 1026; x_wconf 65' lang='lat' dir='ltr'><strong>oona</strong></span> 
     </span>
     <span class='ocr_line' id='line_1_7' title="bbox 150 1047 1194 1130; baseline 0.003 -21"><span class='ocrx_word' id='word_1_29' title='bbox 150 1050 279 1130; x_wconf 75' lang='lat' dir='ltr'><strong>posuerit</strong></span> <span class='ocrx_word' id='word_1_30' title='bbox 299 1049 434 1110; x_wconf 79' lang='lat' dir='ltr'><strong>Afranius</strong></span> <span class='ocrx_word' id='word_1_31' title='bbox 456 1051 492 1108; x_wconf 90' lang='lat' dir='ltr'><strong>ad</strong></span> <span class='ocrx_word' id='word_1_32' title='bbox 513 1049 698 1110; x_wconf 83' lang='lat' dir='ltr'><strong>imitationem</strong></span> <span class='ocrx_word' id='word_1_33' title='bbox 717 1050 910 1109; x_wconf 72' lang='lat' dir='ltr'><strong>Menandreae</strong></span> <span class='ocrx_word' id='word_1_34' title='bbox 933 1047 1093 1124; x_wconf 64' lang='lat' dir='ltr'><strong>(baldou</strong></span> <span class='ocrx_word' id='word_1_35' title='bbox 1114 1052 1194 1112; x_wconf 65' lang='lat' dir='ltr'><strong>cuius</strong></span> 
     </span>
     <span class='ocr_line' id='line_1_8' title="bbox 150 1133 1193 1218; baseline 0.003 -24"><span class='ocrx_word' id='word_1_36' title='bbox 150 1155 256 1216; x_wconf 78' lang='lat' dir='ltr'><strong>magna</strong></span> <span class='ocrx_word' id='word_1_37' title='bbox 276 1133 331 1193; x_wconf 84' lang='lat' dir='ltr'><strong>fuit</strong></span> <span class='ocrx_word' id='word_1_38' title='bbox 351 1135 511 1194; x_wconf 61' lang='lat' dir='ltr'><strong>celebritarr</strong></span> <span class='ocrx_word' id='word_1_39' title='bbox 553 1135 616 1194; x_wconf 88' lang='lat' dir='ltr'><strong>Vid.</strong></span> <span class='ocrx_word' id='word_1_40' title='bbox 638 1135 763 1194; x_wconf 85' lang='lat' dir='ltr'><strong>Meinck.</strong></span> <span class='ocrx_word' id='word_1_41' title='bbox 785 1135 821 1194; x_wconf 87' lang='lat' dir='ltr'><strong>ad</strong></span> <span class='ocrx_word' id='word_1_42' title='bbox 841 1135 990 1194; x_wconf 79' lang='lat' dir='ltr'>Menandri</span> <span class='ocrx_word' id='word_1_43' title='bbox 1011 1136 1144 1217; x_wconf 77' lang='lat' dir='ltr'><strong>reliquias</strong></span> <span class='ocrx_word' id='word_1_44' title='bbox 1165 1158 1193 1218; x_wconf 85' lang='lat' dir='ltr'><strong>p.</strong></span> 
     </span>
     <span class='ocr_line' id='line_1_9' title="bbox 107 1226 948 1299; baseline -0.007 -16"><span class='ocrx_word' id='word_1_45' title='bbox 107 1226 435 1299; x_wconf 55' lang='lat' dir='ltr'><strong>uoaqqoetoaa.</strong></span> <span class='ocrx_word' id='word_1_46' title='bbox 620 1245 623 1250; x_wconf 66' lang='lat'>,</span> <span class='ocrx_word' id='word_1_47' title='bbox 866 1247 948 1277; x_wconf 76' lang='lat'><strong>&#39;,.</strong></span> 
     </span>
    </p>
   </div>
   <div class='ocr_carea' id='block_1_6' title="bbox 564 1340 728 1362">
    <p class='ocr_par' dir='ltr' id='par_1_6' title="bbox 564 1340 728 1362">
     <span class='ocr_line' id='line_1_10' title="bbox 564 1340 728 1362; baseline 0.006 -11"><span class='ocrx_word' id='word_1_48' title='bbox 564 1340 588 1362; x_wconf 84' lang='grc'><strong>,,,</strong></span> <span class='ocrx_word' id='word_1_49' title='bbox 623 1343 646 1360; x_wconf 86' lang='grc'><strong>,,</strong></span> <span class='ocrx_word' id='word_1_50' title='bbox 704 1343 728 1360; x_wconf 87' lang='lat'><strong>..</strong></span> 
     </span>
    </p>
   </div>
   <div class='ocr_carea' id='block_1_7' title="bbox 518 1471 831 1532">
    <p class='ocr_par' dir='ltr' id='par_1_7' title="bbox 518 1471 831 1532">
     <span class='ocr_line' id='line_1_11' title="bbox 518 1471 831 1532; baseline -0.003 0"><span class='ocrx_word' id='word_1_51' title='bbox 518 1471 831 1532; x_wconf 81' lang='lat' dir='ltr'><strong>TlTULUS.</strong></span> 
     </span>
    </p>
   </div>
   <div class='ocr_carea' id='block_1_8' title="bbox 149 1597 1192 1942">
    <p class='ocr_par' dir='ltr' id='par_1_8' title="bbox 149 1597 1192 1942">
     <span class='ocr_line' id='line_1_12' title="bbox 235 1597 1191 1690; baseline 0.006 -26"><span class='ocrx_word' id='word_1_52' title='bbox 235 1597 344 1665; x_wconf 74' lang='lat' dir='ltr'><strong>Gellius</strong></span> <span class='ocrx_word' id='word_1_53' title='bbox 355 1597 393 1666; x_wconf 72' lang='grc' dir='ltr'><strong>Χ.</strong></span> <span class='ocrx_word' id='word_1_54' title='bbox 409 1613 444 1667; x_wconf 99' lang='grc'><strong>11</strong></span> <span class='ocrx_word' id='word_1_55' title='bbox 464 1599 499 1665; x_wconf 89' lang='lat' dir='ltr'><strong>de</strong></span> <span class='ocrx_word' id='word_1_56' title='bbox 516 1601 603 1668; x_wconf 83' lang='lat' dir='ltr'><strong>verbo</strong></span> <span class='ocrx_word' id='word_1_57' title='bbox 625 1605 762 1666; x_wconf 85' lang='lat' dir='ltr'><strong>maturo</strong></span> <span class='ocrx_word' id='word_1_58' title='bbox 782 1627 875 1688; x_wconf 79' lang='lat' dir='ltr'><strong>agens</strong></span> <span class='ocrx_word' id='word_1_59' title='bbox 889 1606 930 1667; x_wconf 87' lang='lat' dir='ltr'><strong>ita</strong></span> <span class='ocrx_word' id='word_1_60' title='bbox 942 1607 1054 1690; x_wconf 66' lang='lat' dir='ltr'><strong>pergito</strong></span> <span class='ocrx_word' id='word_1_61' title='bbox 1076 1597 1191 1681; x_wconf 62' lang='lat' dir='ltr'><strong>‚duum</strong></span> 
     </span>
     <span class='ocr_line' id='line_1_13' title="bbox 149 1683 1190 1772; baseline 0.005 -22"><span class='ocrx_word' id='word_1_62' title='bbox 149 1683 365 1772; x_wconf 77' lang='lat' dir='ltr'><strong>significandum</strong></span> <span class='ocrx_word' id='word_1_63' title='bbox 392 1693 485 1750; x_wconf 85' lang='lat' dir='ltr'><strong>autem</strong></span> <span class='ocrx_word' id='word_1_64' title='bbox 512 1693 557 1751; x_wconf 84' lang='lat' dir='ltr'><strong>est</strong></span> <span class='ocrx_word' id='word_1_65' title='bbox 583 1686 709 1751; x_wconf 88' lang='lat' dir='ltr'><strong>coactius</strong></span> <span class='ocrx_word' id='word_1_66' title='bbox 731 1685 797 1770; x_wconf 85' lang='lat' dir='ltr'><strong>quid</strong></span> <span class='ocrx_word' id='word_1_67' title='bbox 818 1683 922 1751; x_wconf 84' lang='lat' dir='ltr'><strong>factum</strong></span> <span class='ocrx_word' id='word_1_68' title='bbox 949 1691 979 1752; x_wconf 89' lang='lat' dir='ltr'><strong>el</strong></span> <span class='ocrx_word' id='word_1_69' title='bbox 1000 1687 1190 1770; x_wconf 68' lang='lat' dir='ltr'><strong>festinantius,</strong></span> 
     </span>
     <span class='ocr_line' id='line_1_14' title="bbox 151 1767 1192 1860; baseline 0.008 -26"><span class='ocrx_word' id='word_1_70' title='bbox 151 1782 209 1834; x_wconf 86' lang='lat' dir='ltr'><strong>tum</strong></span> <span class='ocrx_word' id='word_1_71' title='bbox 230 1776 335 1835; x_wconf 84' lang='lat' dir='ltr'><strong>rectius</strong></span> <span class='ocrx_word' id='word_1_72' title='bbox 357 1775 582 1855; x_wconf 72' lang='lat' dir='ltr'><strong>praemature</strong></span> <span class='ocrx_word' id='word_1_73' title='bbox 602 1771 707 1836; x_wconf 86' lang='lat' dir='ltr'><strong>facturn</strong></span> <span class='ocrx_word' id='word_1_74' title='bbox 729 1767 757 1834; x_wconf 92' lang='lat' dir='ltr'><strong>id</strong></span> <span class='ocrx_word' id='word_1_75' title='bbox 773 1771 895 1860; x_wconf 79' lang='lat' dir='ltr'><strong>dicitur,</strong></span> <span class='ocrx_word' id='word_1_76' title='bbox 927 1797 1020 1856; x_wconf 86' lang='lat' dir='ltr'><strong>quam</strong></span> <span class='ocrx_word' id='word_1_77' title='bbox 1037 1779 1192 1856; x_wconf 64' lang='lat' dir='ltr'><strong>maturet</strong></span> 
     </span>
     <span class='ocr_line' id='line_1_15' title="bbox 151 1853 1078 1942; baseline 0.002 -21"><span class='ocrx_word' id='word_1_78' title='bbox 151 1859 224 1921; x_wconf 88' lang='lat' dir='ltr'><strong>sicut</strong></span> <span class='ocrx_word' id='word_1_79' title='bbox 245 1859 378 1919; x_wconf 79' lang='lat' dir='ltr'><strong>Afranius</strong></span> <span class='ocrx_word' id='word_1_80' title='bbox 401 1853 472 1919; x_wconf 84' lang='lat' dir='ltr'><strong>dixit</strong></span> <span class='ocrx_word' id='word_1_81' title='bbox 494 1862 521 1918; x_wconf 91' lang='lat' dir='ltr'><strong>in</strong></span> <span class='ocrx_word' id='word_1_82' title='bbox 546 1864 660 1942; x_wconf 74' lang='lat' dir='ltr'><strong>togata,</strong></span> <span class='ocrx_word' id='word_1_83' title='bbox 689 1861 734 1920; x_wconf 84' lang='lat' dir='ltr'><strong>cui</strong></span> <span class='ocrx_word' id='word_1_84' title='bbox 756 1853 873 1920; x_wconf 79' lang='lat' dir='ltr'><strong>Titulus</strong></span> <span class='ocrx_word' id='word_1_85' title='bbox 895 1861 995 1922; x_wconf 87' lang='lat' dir='ltr'><strong>nomen</strong></span> <span class='ocrx_word' id='word_1_86' title='bbox 1019 1865 1078 1923; x_wconf 83' lang='lat' dir='ltr'><strong>est:</strong></span> 
     </span>
    </p>
   </div>
   <div class='ocr_carea' id='block_1_9' title="bbox 200 1975 1190 2186">
    <p class='ocr_par' dir='ltr' id='par_1_9' title="bbox 200 1975 1190 2186">
     <span class='ocr_line' id='line_1_16' title="bbox 200 1975 1190 2158; baseline 0.004 -74"><span class='ocrx_word' id='word_1_87' title='bbox 200 1975 355 2106; x_wconf 76' lang='lat' dir='ltr'><strong>dppeus</strong></span> <span class='ocrx_word' id='word_1_88' title='bbox 388 2009 605 2084; x_wconf 77' lang='lat' dir='ltr'><strong>oorntnuum</strong></span> <span class='ocrx_word' id='word_1_89' title='bbox 646 2015 794 2084; x_wconf 74' lang='lat' dir='ltr'><strong>demens</strong></span> <span class='ocrx_word' id='word_1_90' title='bbox 826 2007 1053 2158; x_wconf 46' lang='lat' dir='ltr'><strong>pretiantur</strong></span> <span class='ocrx_word' id='word_1_91' title='bbox 1087 2008 1190 2110; x_wconf 78' lang='lat' dir='ltr'><strong>prad-</strong></span> 
     </span>
     <span class='ocr_line' id='line_1_17' title="bbox 756 2138 890 2186; baseline 0.007 -1"><span class='ocrx_word' id='word_1_92' title='bbox 756 2138 890 2186; x_wconf 75' lang='lat' dir='ltr'><strong>cubem.</strong></span> 
     </span>
    </p>
   </div>
   <div class='ocr_carea' id='block_1_10' title="bbox 89 2221 1191 3159">
    <p class='ocr_par' dir='ltr' id='par_1_10' title="bbox 89 2221 1191 3159">
     <span class='ocr_line' id='line_1_18' title="bbox 150 2221 1191 2311; baseline 0.003 -19"><span class='ocrx_word' id='word_1_93' title='bbox 150 2221 257 2292; x_wconf 66' lang='lat' dir='ltr'><strong>usbon</strong></span> <span class='ocrx_word' id='word_1_94' title='bbox 277 2231 399 2311; x_wconf 70' lang='lat' dir='ltr'><strong>repetita</strong></span> <span class='ocrx_word' id='word_1_95' title='bbox 424 2238 491 2291; x_wconf 79' lang='lat' dir='ltr'><strong>snut</strong></span> <span class='ocrx_word' id='word_1_96' title='bbox 511 2232 585 2310; x_wconf 78' lang='lat' dir='ltr'><strong>apud</strong></span> <span class='ocrx_word' id='word_1_97' title='bbox 605 2221 777 2292; x_wconf 84' lang='lat' dir='ltr'><strong>lllaorobiurn</strong></span> <span class='ocrx_word' id='word_1_98' title='bbox 799 2235 914 2292; x_wconf 80' lang='lat' dir='ltr'><strong>Satura.</strong></span> <span class='ocrx_word' id='word_1_99' title='bbox 936 2234 983 2292; x_wconf 74' lang='lat' dir='ltr'><strong>Vl·</strong></span> <span class='ocrx_word' id='word_1_100' title='bbox 1006 2242 1037 2296; x_wconf 50' lang='lat'><strong>8⁶</strong></span> <span class='ocrx_word' id='word_1_101' title='bbox 1061 2259 1105 2280; x_wconf 66' lang='lat'><strong>⁶-</strong></span> <span class='ocrx_word' id='word_1_102' title='bbox 1134 2235 1191 2295; x_wconf 81' lang='lat' dir='ltr'><strong>rui</strong></span> 
     </span>
     <span class='ocr_line' id='line_1_19' title="bbox 152 2311 1189 2399; baseline 0.006 -25"><span class='ocrx_word' id='word_1_103' title='bbox 152 2316 302 2374; x_wconf 78' lang='lat' dir='ltr'><strong>Titulus</strong></span> <span class='ocrx_word' id='word_1_104' title='bbox 332 2336 455 2384; x_wconf 85' lang='lat' dir='ltr'><strong>nomon</strong></span> <span class='ocrx_word' id='word_1_105' title='bbox 486 2324 550 2376; x_wconf 86' lang='lat' dir='ltr'><strong>est.</strong></span> <span class='ocrx_word' id='word_1_106' title='bbox 593 2317 652 2375; x_wconf 88' lang='lat' dir='ltr'><strong>Pro</strong></span> <span class='ocrx_word' id='word_1_107' title='bbox 681 2337 799 2376; x_wconf 80' lang='lat' dir='ltr'><strong>nomen</strong></span> <span class='ocrx_word' id='word_1_108' title='bbox 822 2318 929 2399; x_wconf 69' lang='lat' dir='ltr'><strong>logitur</strong></span> <span class='ocrx_word' id='word_1_109' title='bbox 950 2318 1034 2377; x_wconf 81' lang='lat' dir='ltr'><strong>etiarn</strong></span> <span class='ocrx_word' id='word_1_110' title='bbox 1061 2311 1189 2396; x_wconf 68' lang='grc' dir='ltr'><strong><em>νόμος,</em></strong></span> 
     </span>
     <span class='ocr_line' id='line_1_20' title="bbox 151 2401 1188 2485; baseline 0.006 -27"><span class='ocrx_word' id='word_1_111' title='bbox 151 2401 228 2479; x_wconf 89' lang='lat' dir='ltr'><strong>quod</strong></span> <span class='ocrx_word' id='word_1_112' title='bbox 255 2419 293 2460; x_wconf 84' lang='lat' dir='ltr'><strong>cx</strong></span> <span class='ocrx_word' id='word_1_113' title='bbox 313 2401 442 2460; x_wconf 86' lang='lat' dir='ltr'><strong>Ascensii</strong></span> <span class='ocrx_word' id='word_1_114' title='bbox 468 2401 632 2460; x_wconf 88' lang='lat' dir='ltr'><strong>coniectura</strong></span> <span class='ocrx_word' id='word_1_115' title='bbox 657 2401 686 2461; x_wconf 91' lang='lat' dir='ltr'><strong>iu</strong></span> <span class='ocrx_word' id='word_1_116' title='bbox 714 2403 862 2472; x_wconf 86' lang='lat' dir='ltr'><strong>nonnullas</strong></span> <span class='ocrx_word' id='word_1_117' title='bbox 888 2403 1027 2462; x_wconf 78' lang='lat' dir='ltr'><strong>editiones</strong></span> <span class='ocrx_word' id='word_1_118' title='bbox 1049 2404 1188 2485; x_wconf 77' lang='lat' dir='ltr'><strong>migrasse</strong></span> 
     </span>
     <span class='ocr_line' id='line_1_21' title="bbox 149 2481 1187 2570; baseline 0.004 -25"><span class='ocrx_word' id='word_1_119' title='bbox 149 2485 270 2545; x_wconf 86' lang='lat' dir='ltr'><strong>videtur.</strong></span> <span class='ocrx_word' id='word_1_120' title='bbox 303 2485 449 2544; x_wconf 75' lang='lat' dir='ltr'><strong>Fontanus</strong></span> <span class='ocrx_word' id='word_1_121' title='bbox 471 2486 535 2545; x_wconf 90' lang='lat' dir='ltr'><strong>inde</strong></span> <span class='ocrx_word' id='word_1_122' title='bbox 557 2486 678 2546; x_wconf 92' lang='lat' dir='ltr'><strong>coniecit</strong></span> <span class='ocrx_word' id='word_1_123' title='bbox 696 2487 825 2545; x_wconf 86' lang='lat' dir='ltr'><strong>Nomos</strong></span> <span class='ocrx_word' id='word_1_124' title='bbox 845 2488 890 2547; x_wconf 84' lang='lat' dir='ltr'><strong>vol</strong></span> <span class='ocrx_word' id='word_1_125' title='bbox 905 2487 1032 2546; x_wconf 85' lang='lat' dir='ltr'><strong>Nomas</strong></span> <span class='ocrx_word' id='word_1_126' title='bbox 1055 2481 1187 2570; x_wconf 81' lang='grc' dir='ltr'>(νομός),</span> 
     </span>
     <span class='ocr_line' id='line_1_22' title="bbox 151 2567 1186 2660; baseline 0.007 -33"><span class='ocrx_word' id='word_1_127' title='bbox 151 2569 226 2648; x_wconf 87' lang='lat' dir='ltr'><strong>quod</strong></span> <span class='ocrx_word' id='word_1_128' title='bbox 253 2567 410 2629; x_wconf 87' lang='lat' dir='ltr'><strong>confirmari</strong></span> <span class='ocrx_word' id='word_1_129' title='bbox 436 2570 653 2660; x_wconf 50' lang='lat' dir='ltr'><strong>putffllfranii</strong></span> <span class='ocrx_word' id='word_1_130' title='bbox 673 2590 757 2632; x_wconf 86' lang='lat' dir='ltr'><strong>versu</strong></span> <span class='ocrx_word' id='word_1_131' title='bbox 784 2571 878 2630; x_wconf 89' lang='lat' dir='ltr'><strong>allato.</strong></span> <span class='ocrx_word' id='word_1_132' title='bbox 919 2572 951 2630; x_wconf 90' lang='lat' dir='ltr'><strong>ln</strong></span> <span class='ocrx_word' id='word_1_133' title='bbox 973 2573 1101 2654; x_wconf 82' lang='lat' dir='ltr'><strong>margine</strong></span> <span class='ocrx_word' id='word_1_134' title='bbox 1123 2575 1186 2634; x_wconf 91' lang='lat' dir='ltr'><strong>cod.</strong></span> 
     </span>
     <span class='ocr_line' id='line_1_23' title="bbox 151 2653 1186 2731; baseline 0.008 -20"><span class='ocrx_word' id='word_1_135' title='bbox 151 2653 254 2731; x_wconf 62' lang='lat' dir='ltr'><strong>&#39;llbysii</strong></span> <span class='ocrx_word' id='word_1_136' title='bbox 267 2654 410 2712; x_wconf 88' lang='lat' dir='ltr'><strong>Nomius</strong></span> <span class='ocrx_word' id='word_1_137' title='bbox 431 2654 526 2713; x_wconf 81' lang='lat' dir='ltr'><strong>offerri</strong></span> <span class='ocrx_word' id='word_1_138' title='bbox 548 2663 728 2714; x_wconf 75' lang='lat' dir='ltr'><strong>annotarunt.</strong></span> <span class='ocrx_word' id='word_1_139' title='bbox 758 2655 815 2716; x_wconf 87' lang='lat' dir='ltr'><strong>Sed</strong></span> <span class='ocrx_word' id='word_1_140' title='bbox 832 2657 859 2713; x_wconf 93' lang='lat' dir='ltr'><strong>in</strong></span> <span class='ocrx_word' id='word_1_141' title='bbox 880 2662 949 2716; x_wconf 84' lang='lat' dir='ltr'><strong>vett.</strong></span> <span class='ocrx_word' id='word_1_142' title='bbox 973 2656 1035 2716; x_wconf 90' lang='lat' dir='ltr'><strong>edd.</strong></span> <span class='ocrx_word' id='word_1_143' title='bbox 1058 2666 1089 2718; x_wconf 86' lang='lat' dir='ltr'><strong>et</strong></span> <span class='ocrx_word' id='word_1_144' title='bbox 1103 2659 1186 2719; x_wconf 93' lang='lat' dir='ltr'><strong>codd.</strong></span> 
     </span>
     <span class='ocr_line' id='line_1_24' title="bbox 89 2738 1186 2804; baseline 0.007 -9"><span class='ocrx_word' id='word_1_145' title='bbox 89 2749 93 2758; x_wconf 89' lang='lat'>&#39;</span> <span class='ocrx_word' id='word_1_146' title='bbox 150 2757 207 2796; x_wconf 88' lang='lat' dir='ltr'><strong>non</strong></span> <span class='ocrx_word' id='word_1_147' title='bbox 229 2738 311 2796; x_wconf 92' lang='lat' dir='ltr'><strong>modo</strong></span> <span class='ocrx_word' id='word_1_148' title='bbox 334 2739 418 2798; x_wconf 84' lang='lat' dir='ltr'><strong>Gellii</strong></span> <span class='ocrx_word' id='word_1_149' title='bbox 438 2740 488 2798; x_wconf 89' lang='lat' dir='ltr'><strong>sed</strong></span> <span class='ocrx_word' id='word_1_150' title='bbox 510 2739 593 2798; x_wconf 84' lang='lat' dir='ltr'><strong>etiam</strong></span> <span class='ocrx_word' id='word_1_151' title='bbox 614 2741 750 2799; x_wconf 87' lang='lat' dir='ltr'><strong>Macrobii</strong></span> <span class='ocrx_word' id='word_1_152' title='bbox 773 2741 892 2799; x_wconf 89' lang='lat' dir='ltr'><strong>testibus</strong></span> <span class='ocrx_word' id='word_1_153' title='bbox 914 2741 1059 2802; x_wconf 79' lang='lat' dir='ltr'><strong>Gronovio</strong></span> <span class='ocrx_word' id='word_1_154' title='bbox 1081 2745 1186 2804; x_wconf 83' lang='lat' dir='ltr'><strong>etAlb.</strong></span> 
     </span>
     <span class='ocr_line' id='line_1_25' title="bbox 151 2822 1187 2902; baseline 0.007 -22"><span class='ocrx_word' id='word_1_155' title='bbox 151 2822 245 2881; x_wconf 91' lang='lat' dir='ltr'><strong>Liono</strong></span> <span class='ocrx_word' id='word_1_156' title='bbox 267 2822 417 2901; x_wconf 84' lang='lat' dir='ltr'><strong>praebetur</strong></span> <span class='ocrx_word' id='word_1_157' title='bbox 443 2844 575 2883; x_wconf 85' lang='lat' dir='ltr'><strong>noman.</strong></span> <span class='ocrx_word' id='word_1_158' title='bbox 618 2824 716 2902; x_wconf 89' lang='lat' dir='ltr'><strong>ltaque</strong></span> <span class='ocrx_word' id='word_1_159' title='bbox 738 2832 871 2902; x_wconf 88' lang='lat' dir='ltr'><strong>putarunt</strong></span> <span class='ocrx_word' id='word_1_160' title='bbox 893 2827 1032 2898; x_wconf 89' lang='lat' dir='ltr'><strong>nonnulli,</strong></span> <span class='ocrx_word' id='word_1_161' title='bbox 1064 2827 1187 2887; x_wconf 85' lang='lat' dir='ltr'><strong>fabulam</strong></span> 
     </span>
     <span class='ocr_line' id='line_1_26' title="bbox 150 2905 1185 2988; baseline 0.006 -23"><span class='ocrx_word' id='word_1_162' title='bbox 150 2906 312 2986; x_wconf 85' lang='lat' dir='ltr'><strong>inscriptam</strong></span> <span class='ocrx_word' id='word_1_163' title='bbox 333 2905 421 2966; x_wconf 86' lang='lat' dir='ltr'><strong>fuisso</strong></span> <span class='ocrx_word' id='word_1_164' title='bbox 441 2908 585 2980; x_wconf 83' lang='lat' dir='ltr'><strong>Nomao3</strong></span> <span class='ocrx_word' id='word_1_165' title='bbox 616 2928 698 2988; x_wconf 87' lang='lat' dir='ltr'><strong>quum</strong></span> <span class='ocrx_word' id='word_1_166' title='bbox 719 2909 781 2980; x_wconf 89' lang='lat' dir='ltr'><strong>alii,</strong></span> <span class='ocrx_word' id='word_1_167' title='bbox 802 2909 964 2988; x_wconf 87' lang='lat' dir='ltr'><strong>quibuscum</strong></span> <span class='ocrx_word' id='word_1_168' title='bbox 986 2913 1185 2986; x_wconf 85' lang='lat' dir='ltr'><strong>consentimus,</strong></span> 
     </span>
     <span class='ocr_line' id='line_1_27' title="bbox 151 2991 1186 3072; baseline 0.007 -22"><span class='ocrx_word' id='word_1_169' title='bbox 151 2991 315 3050; x_wconf 89' lang='lat' dir='ltr'><strong>Titulum</strong></span> <span class='ocrx_word' id='word_1_170' title='bbox 337 3011 387 3070; x_wconf 85' lang='lat' dir='ltr'><strong>pro</strong></span> <span class='ocrx_word' id='word_1_171' title='bbox 410 2991 591 3071; x_wconf 83' lang='lat' dir='ltr'><strong>inscriptione</strong></span> <span class='ocrx_word' id='word_1_172' title='bbox 618 2994 788 3072; x_wconf 82' lang='lat' dir='ltr'><strong>acciperent.</strong></span> <span class='ocrx_word' id='word_1_173' title='bbox 830 2993 992 3054; x_wconf 82' lang='lat' dir='ltr'><strong>Probabilis</strong></span> <span class='ocrx_word' id='word_1_174' title='bbox 1014 2996 1049 3054; x_wconf 87' lang='lat' dir='ltr'><strong>de</strong></span> <span class='ocrx_word' id='word_1_175' title='bbox 1070 2996 1122 3056; x_wconf 89' lang='lat' dir='ltr'><strong>bac</strong></span> <span class='ocrx_word' id='word_1_176' title='bbox 1143 2996 1186 3057; x_wconf 88' lang='lat' dir='ltr'><strong>fa·</strong></span> 
     </span>
     <span class='ocr_line' id='line_1_28' title="bbox 150 3076 1187 3159; baseline 0.006 -24"><span class='ocrx_word' id='word_1_177' title='bbox 150 3076 217 3135; x_wconf 91' lang='lat' dir='ltr'><strong>bula</strong></span> <span class='ocrx_word' id='word_1_178' title='bbox 243 3096 348 3135; x_wconf 83' lang='lat' dir='ltr'><strong>mecum</strong></span> <span class='ocrx_word' id='word_1_179' title='bbox 378 3077 590 3137; x_wconf 84' lang='lat' dir='ltr'><strong>communicavit</strong></span> <span class='ocrx_word' id='word_1_180' title='bbox 611 3079 655 3136; x_wconf 85' lang='lat' dir='ltr'><strong>lo.</strong></span> <span class='ocrx_word' id='word_1_181' title='bbox 680 3079 790 3137; x_wconf 86' lang='lat' dir='ltr'><strong>Valent.</strong></span> <span class='ocrx_word' id='word_1_182' title='bbox 812 3078 984 3151; x_wconf 82' lang='lat' dir='ltr'><strong>Franckius,</strong></span> <span class='ocrx_word' id='word_1_183' title='bbox 1015 3081 1062 3159; x_wconf 86' lang='lat' dir='ltr'><strong>qui</strong></span> <span class='ocrx_word' id='word_1_184' title='bbox 1083 3082 1187 3141; x_wconf 83' lang='lat' dir='ltr'><strong>Titu-</strong></span> 
     </span>
    </p>
   </div>
   <div class='ocr_carea' id='block_1_11' title="bbox 40 3160 1187 3248">
    <p class='ocr_par' dir='ltr' id='par_1_11' title="bbox 40 3160 1187 3248">
     <span class='ocr_line' id='line_1_29' title="bbox 40 3160 1187 3248; baseline 0.01 -31"><span class='ocrx_word' id='word_1_185' title='bbox 40 3173 42 3176; x_wconf 85' lang='grc'><strong><em>·</em></strong></span> <span class='ocrx_word' id='word_1_186' title='bbox 151 3160 219 3218; x_wconf 90' lang='lat' dir='ltr'><strong>lum</strong></span> <span class='ocrx_word' id='word_1_187' title='bbox 242 3167 271 3219; x_wconf 91' lang='lat' dir='ltr'><strong>et</strong></span> <span class='ocrx_word' id='word_1_188' title='bbox 291 3161 500 3220; x_wconf 86' lang='lat' dir='ltr'><strong>Auctionem</strong></span> <span class='ocrx_word' id='word_1_189' title='bbox 529 3168 637 3221; x_wconf 89' lang='lat' dir='ltr'><strong>tantum</strong></span> <span class='ocrx_word' id='word_1_190' title='bbox 658 3163 769 3223; x_wconf 84' lang='lat' dir='ltr'><strong>diversa</strong></span> <span class='ocrx_word' id='word_1_191' title='bbox 790 3163 904 3222; x_wconf 85' lang='lat' dir='ltr'><strong>nonina</strong></span> <span class='ocrx_word' id='word_1_192' title='bbox 924 3164 1047 3224; x_wconf 87' lang='lat' dir='ltr'><strong>eiusdem</strong></span> <span class='ocrx_word' id='word_1_193' title='bbox 1069 3173 1187 3248; x_wconf 76' lang='lat' dir='ltr'><strong>togatae</strong></span> 
     </span>
    </p>
   </div>
   <div class='ocr_carea' id='block_1_12' title="bbox 105 3227 1265 4086">
    <p class='ocr_par' dir='ltr' id='par_1_12' title="bbox 105 3227 1265 3830">
     <span class='ocr_line' id='line_1_30' title="bbox 149 3227 1187 3330; baseline 0.008 -27"><span class='ocrx_word' id='word_1_194' title='bbox 149 3241 238 3303; x_wconf 81' lang='lat' dir='ltr'><strong>fuisse</strong></span> <span class='ocrx_word' id='word_1_195' title='bbox 260 3239 450 3316; x_wconf 83' lang='lat' dir='ltr'><strong>existimabat3</strong></span> <span class='ocrx_word' id='word_1_196' title='bbox 478 3248 511 3304; x_wconf 89' lang='lat' dir='ltr'><strong>ut</strong></span> <span class='ocrx_word' id='word_1_197' title='bbox 531 3227 681 3306; x_wconf 75' lang='lat' dir='ltr'><strong>Titulus</strong></span> <span class='ocrx_word' id='word_1_198' title='bbox 702 3241 747 3306; x_wconf 90' lang='lat' dir='ltr'><strong>bic</strong></span> <span class='ocrx_word' id='word_1_199' title='bbox 767 3241 839 3306; x_wconf 85' lang='lat' dir='ltr'><strong>idom</strong></span> <span class='ocrx_word' id='word_1_200' title='bbox 862 3239 1020 3330; x_wconf 78' lang='lat' dir='ltr'><strong>significet,</strong></span> <span class='ocrx_word' id='word_1_201' title='bbox 1042 3251 1116 3328; x_wconf 92' lang='lat' dir='ltr'><strong>quod</strong></span> <span class='ocrx_word' id='word_1_202' title='bbox 1138 3259 1187 3312; x_wconf 87' lang='lat' dir='ltr'><strong>ta·</strong></span> 
     </span>
     <span class='ocr_line' id='line_1_31' title="bbox 151 3325 1186 3415; baseline 0.008 -27"><span class='ocrx_word' id='word_1_203' title='bbox 151 3328 233 3388; x_wconf 82' lang='lat' dir='ltr'><strong>bula</strong></span> <span class='ocrx_word' id='word_1_204' title='bbox 263 3329 447 3390; x_wconf 88' lang='lat' dir='ltr'><strong>auctionis</strong></span> <span class='ocrx_word' id='word_1_205' title='bbox 480 3331 553 3409; x_wconf 81' lang='lat' dir='ltr'><strong>apud</strong></span> <span class='ocrx_word' id='word_1_206' title='bbox 584 3331 747 3392; x_wconf 82' lang='lat' dir='ltr'><strong>Ciceronem</strong></span> <span class='ocrx_word' id='word_1_207' title='bbox 779 3333 814 3392; x_wconf 89' lang='lat' dir='ltr'><strong>do</strong></span> <span class='ocrx_word' id='word_1_208' title='bbox 843 3325 918 3414; x_wconf 75' lang='lat' dir='ltr'><strong>Leg.</strong></span> <span class='ocrx_word' id='word_1_209' title='bbox 949 3353 1045 3415; x_wconf 82' lang='lat' dir='ltr'><strong>agrar.</strong></span> <span class='ocrx_word' id='word_1_210' title='bbox 1077 3325 1112 3394; x_wconf 89' lang='lat' dir='ltr'><strong>ll.</strong></span> <span class='ocrx_word' id='word_1_211' title='bbox 1136 3331 1186 3398; x_wconf 77' lang='grc'><strong>15.</strong></span> 
     </span>
     <span class='ocr_line' id='line_1_32' title="bbox 149 3407 1186 3499; baseline 0.007 -27"><span class='ocrx_word' id='word_1_212' title='bbox 149 3408 195 3472; x_wconf 78' lang='lat' dir='ltr'><strong>lle</strong></span> <span class='ocrx_word' id='word_1_213' title='bbox 221 3419 390 3494; x_wconf 57' lang='lat' dir='ltr'><strong>ammento</strong></span> <span class='ocrx_word' id='word_1_214' title='bbox 417 3415 487 3473; x_wconf 80' lang='lat' dir='ltr'><strong>hooc</strong></span> <span class='ocrx_word' id='word_1_215' title='bbox 512 3414 573 3474; x_wconf 81' lang='lat' dir='ltr'><strong>fore</strong></span> <span class='ocrx_word' id='word_1_216' title='bbox 600 3417 746 3476; x_wconf 78' lang='lat' dir='ltr'><strong>sentiebat.</strong></span> <span class='ocrx_word' id='word_1_217' title='bbox 789 3409 950 3490; x_wconf 74' lang='lat' dir='ltr'><strong>dominnm,</strong></span> <span class='ocrx_word' id='word_1_218' title='bbox 977 3407 1014 3478; x_wconf 85' lang='lat' dir='ltr'><strong>nll</strong></span> <span class='ocrx_word' id='word_1_219' title='bbox 1033 3431 1069 3478; x_wconf 88' lang='lat' dir='ltr'><strong>no</strong></span> <span class='ocrx_word' id='word_1_220' title='bbox 1091 3419 1186 3499; x_wconf 79' lang='lat' dir='ltr'><strong>profe-</strong></span> 
     </span>
     <span class='ocr_line' id='line_1_33' title="bbox 105 3498 1188 3579; baseline 0.006 -22"><span class='ocrx_word' id='word_1_221' title='bbox 105 3541 108 3545; x_wconf 84' lang='lat'>·</span> <span class='ocrx_word' id='word_1_222' title='bbox 151 3503 243 3570; x_wconf 75' lang='lat' dir='ltr'><strong>ctum,</strong></span> <span class='ocrx_word' id='word_1_223' title='bbox 273 3517 355 3577; x_wconf 84' lang='lat' dir='ltr'><strong>quum</strong></span> <span class='ocrx_word' id='word_1_224' title='bbox 382 3498 527 3571; x_wconf 81' lang='lat' dir='ltr'><strong>rediisset,</strong></span> <span class='ocrx_word' id='word_1_225' title='bbox 558 3519 596 3558; x_wconf 81' lang='lat' dir='ltr'><strong>ex</strong></span> <span class='ocrx_word' id='word_1_226' title='bbox 616 3502 713 3560; x_wconf 82' lang='lat' dir='ltr'><strong>tabula</strong></span> <span class='ocrx_word' id='word_1_227' title='bbox 738 3499 878 3561; x_wconf 72' lang='lat' dir='ltr'><strong>aumlouls</strong></span> <span class='ocrx_word' id='word_1_228' title='bbox 903 3500 1022 3562; x_wconf 73' lang='lat' dir='ltr'><strong>intollcx</strong></span> <span class='ocrx_word' id='word_1_229' title='bbox 1064 3525 1095 3579; x_wconf 83' lang='lat' dir='ltr'><strong>a,</strong></span> <span class='ocrx_word' id='word_1_230' title='bbox 1126 3515 1188 3564; x_wconf 71' lang='lat' dir='ltr'><strong>m</strong></span> 
     </span>
     <span class='ocr_line' id='line_1_34' title="bbox 149 3582 1265 3669; baseline 0.008 -27"><span class='ocrx_word' id='word_1_231' title='bbox 149 3582 205 3642; x_wconf 78' lang='lat' dir='ltr'><strong>ism</strong></span> <span class='ocrx_word' id='word_1_232' title='bbox 225 3582 255 3640; x_wconf 90' lang='lat' dir='ltr'><strong>ln</strong></span> <span class='ocrx_word' id='word_1_233' title='bbox 277 3601 312 3642; x_wconf 86' lang='lat' dir='ltr'><strong>eo</strong></span> <span class='ocrx_word' id='word_1_234' title='bbox 334 3602 412 3654; x_wconf 82' lang='lat' dir='ltr'><strong>osse,</strong></span> <span class='ocrx_word' id='word_1_235' title='bbox 433 3590 467 3641; x_wconf 93' lang='lat' dir='ltr'><strong>ut</strong></span> <span class='ocrx_word' id='word_1_236' title='bbox 487 3599 585 3644; x_wconf 66' lang='lat' dir='ltr'><strong>ursus</strong></span> <span class='ocrx_word' id='word_1_237' title='bbox 606 3585 694 3664; x_wconf 83' lang='lat' dir='ltr'><strong>ipsias</strong></span> <span class='ocrx_word' id='word_1_238' title='bbox 715 3587 838 3659; x_wconf 83' lang='lat' dir='ltr'><strong>venirat,</strong></span> <span class='ocrx_word' id='word_1_239' title='bbox 859 3588 897 3647; x_wconf 88' lang='lat' dir='ltr'><strong>ad</strong></span> <span class='ocrx_word' id='word_1_240' title='bbox 915 3599 995 3668; x_wconf 79' lang='lat' dir='ltr'><strong>quom</strong></span> <span class='ocrx_word' id='word_1_241' title='bbox 1017 3599 1189 3669; x_wconf 70' lang='lat' dir='ltr'><strong>mooun»</strong></span> <span class='ocrx_word' id='word_1_242' title='bbox 1264 3621 1265 3624; x_wconf 37' lang='lat'>¹</span> 
     </span>
     <span class='ocr_line' id='line_1_35' title="bbox 150 3667 1187 3748; baseline 0.01 -22"><span class='ocrx_word' id='word_1_243' title='bbox 150 3667 229 3739; x_wconf 88' lang='lat' dir='ltr'><strong>dum,</strong></span> <span class='ocrx_word' id='word_1_244' title='bbox 250 3667 277 3726; x_wconf 88' lang='lat' dir='ltr'><strong>si</strong></span> <span class='ocrx_word' id='word_1_245' title='bbox 297 3668 436 3738; x_wconf 76' lang='lat' dir='ltr'><strong>venisset,</strong></span> <span class='ocrx_word' id='word_1_246' title='bbox 461 3671 494 3728; x_wconf 82' lang='lat' dir='ltr'><strong>ut</strong></span> <span class='ocrx_word' id='word_1_247' title='bbox 514 3669 604 3748; x_wconf 83' lang='lat' dir='ltr'><strong>ipsum</strong></span> <span class='ocrx_word' id='word_1_248' title='bbox 625 3671 806 3744; x_wconf 68' lang='lat' dir='ltr'><strong>adorarent,</strong></span> <span class='ocrx_word' id='word_1_249' title='bbox 833 3683 897 3732; x_wconf 79' lang='lat' dir='ltr'><strong>uum</strong></span> <span class='ocrx_word' id='word_1_250' title='bbox 917 3673 1021 3735; x_wconf 72' lang='lat' dir='ltr'><strong>osan</strong></span> <span class='ocrx_word' id='word_1_251' title='bbox 1042 3671 1187 3735; x_wconf 63' lang='lat' dir='ltr'><strong>bortatur!</strong></span> 
     </span>
     <span class='ocr_line' id='line_1_36' title="bbox 151 3752 454 3830; baseline -0.003 -18"><span class='ocrx_word' id='word_1_252' title='bbox 151 3770 216 3812; x_wconf 79' lang='lat' dir='ltr'><strong>osse</strong></span> <span class='ocrx_word' id='word_1_253' title='bbox 231 3752 454 3830; x_wconf 81' lang='lat' dir='ltr'><strong>pronuntiando:</strong></span> 
     </span>
    </p>

    <p class='ocr_par' dir='ltr' id='par_1_13' title="bbox 149 3837 1186 4086">
     <span class='ocr_line' id='line_1_37' title="bbox 233 3837 1186 3924; baseline 0.01 -30"><span class='ocrx_word' id='word_1_254' title='bbox 233 3869 276 3878; x_wconf 95' lang='lat'><em>-</em></span> <span class='ocrx_word' id='word_1_255' title='bbox 296 3837 442 3910; x_wconf 81' lang='lat' dir='ltr'><strong>Adesto,</strong></span> <span class='ocrx_word' id='word_1_256' title='bbox 473 3837 504 3897; x_wconf 89' lang='lat' dir='ltr'><strong>si</strong></span> <span class='ocrx_word' id='word_1_257' title='bbox 525 3839 589 3898; x_wconf 82' lang='lat' dir='ltr'><strong>bac</strong></span> <span class='ocrx_word' id='word_1_258' title='bbox 616 3839 766 3900; x_wconf 85' lang='lat' dir='ltr'><strong>absente</strong></span> <span class='ocrx_word' id='word_1_259' title='bbox 788 3841 893 3900; x_wconf 86' lang='lat' dir='ltr'><strong>nobis</strong></span> <span class='ocrx_word' id='word_1_260' title='bbox 913 3841 1071 3903; x_wconf 81' lang='lat' dir='ltr'><strong>venierit</strong></span> <span class='ocrx_word' id='word_1_261' title='bbox 1091 3859 1186 3924; x_wconf 72' lang='lat' dir='ltr'><strong>puer.</strong></span> 
     </span>
     <span class='ocr_line' id='line_1_38' title="bbox 149 3919 1185 4008; baseline 0.012 -30"><span class='ocrx_word' id='word_1_262' title='bbox 149 3919 308 3980; x_wconf 87' lang='lat' dir='ltr'><strong>lustituisse</strong></span> <span class='ocrx_word' id='word_1_263' title='bbox 330 3943 397 3982; x_wconf 88' lang='lat' dir='ltr'><strong>vero</strong></span> <span class='ocrx_word' id='word_1_264' title='bbox 419 3924 577 3982; x_wconf 88' lang='lat' dir='ltr'><strong>auctionem</strong></span> <span class='ocrx_word' id='word_1_265' title='bbox 598 3943 715 3984; x_wconf 81' lang='lat' dir='ltr'><strong>uxorem</strong></span> <span class='ocrx_word' id='word_1_266' title='bbox 743 3926 790 3984; x_wconf 93' lang='lat' dir='ltr'><strong>illo</strong></span> <span class='ocrx_word' id='word_1_267' title='bbox 812 3925 929 3986; x_wconf 87' lang='lat' dir='ltr'><strong>absente</strong></span> <span class='ocrx_word' id='word_1_268' title='bbox 950 3927 1111 4008; x_wconf 80' lang='lat' dir='ltr'><strong>invitoque:</strong></span> <span class='ocrx_word' id='word_1_269' title='bbox 1143 3930 1185 3990; x_wconf 86' lang='lat' dir='ltr'><strong>ita</strong></span> 
     </span>
     <span class='ocr_line' id='line_1_39' title="bbox 151 4003 952 4086; baseline 0.01 -23"><span class='ocrx_word' id='word_1_270' title='bbox 151 4004 261 4083; x_wconf 82' lang='lat' dir='ltr'><strong>quidem</strong></span> <span class='ocrx_word' id='word_1_271' title='bbox 282 4003 382 4065; x_wconf 86' lang='lat' dir='ltr'><strong>refcrri</strong></span> <span class='ocrx_word' id='word_1_272' title='bbox 403 4028 487 4086; x_wconf 83' lang='lat' dir='ltr'><strong>posse</strong></span> <span class='ocrx_word' id='word_1_273' title='bbox 509 4007 544 4067; x_wconf 92' lang='lat' dir='ltr'><strong>ad</strong></span> <span class='ocrx_word' id='word_1_274' title='bbox 566 4028 696 4068; x_wconf 89' lang='lat' dir='ltr'><strong>summam</strong></span> <span class='ocrx_word' id='word_1_275' title='bbox 718 4007 830 4071; x_wconf 81' lang='lat' dir='ltr'><strong>fabulae</strong></span> <span class='ocrx_word' id='word_1_276' title='bbox 852 4013 952 4072; x_wconf 82' lang='lat' dir='ltr'><strong>verba:</strong></span> 
     </span>
    </p>
   </div>
   <div class='ocr_carea' id='block_1_13' title="bbox 191 4101 1186 4256">
    <p class='ocr_par' dir='ltr' id='par_1_14' title="bbox 191 4101 1186 4256">
     <span class='ocr_line' id='line_1_40' title="bbox 191 4101 1186 4256; baseline 0.011 -91"><span class='ocrx_word' id='word_1_277' title='bbox 191 4101 289 4166; x_wconf 76' lang='lat' dir='ltr'><strong>uano</strong></span> <span class='ocrx_word' id='word_1_278' title='bbox 309 4105 419 4178; x_wconf 83' lang='lat' dir='ltr'><strong>facul,</strong></span> <span class='ocrx_word' id='word_1_279' title='bbox 450 4113 488 4168; x_wconf 88' lang='lat' dir='ltr'><strong>ut</strong></span> <span class='ocrx_word' id='word_1_280' title='bbox 515 4109 566 4168; x_wconf 86' lang='lat' dir='ltr'><strong>ait</strong></span> <span class='ocrx_word' id='word_1_281' title='bbox 586 4110 784 4256; x_wconf 42' lang='lat' dir='ltr'><strong>Pacuvio?</strong></span> <span class='ocrx_word' id='word_1_282' title='bbox 816 4110 949 4174; x_wconf 82' lang='lat' dir='ltr'><strong>lomina</strong></span> <span class='ocrx_word' id='word_1_283' title='bbox 975 4110 1186 4176; x_wconf 82' lang='lat' dir='ltr'><strong>invenietur</strong></span> 
     </span>
     <span class='ocr_line' id='line_1_41' title="bbox 777 4216 854 4256; baseline 0.026 -2"><span class='ocrx_word' id='word_1_284' title='bbox 777 4216 854 4256; x_wconf 86' lang='lat' dir='ltr'><strong>ona.</strong></span> 
     </span>
    </p>
   </div>
   <div class='ocr_carea' id='block_1_14' title="bbox 872 4294 940 4358">
    <p class='ocr_par' dir='ltr' id='par_1_15' title="bbox 872 4294 940 4358">
     <span class='ocr_line' id='line_1_42' title="bbox 872 4294 940 4358; baseline 0 0"><span class='ocrx_word' id='word_1_285' title='bbox 872 4294 940 4358; x_wconf 66' lang='lat' dir='ltr'><strong>17l</strong></span> 
     </span>
    </p>
   </div>
   <div class='ocr_carea' id='block_1_15' title="bbox 0 0 1474 4838">
    <p class='ocr_par' dir='ltr' id='par_1_16' title="bbox 0 0 1474 4838">
     <span class='ocr_line' id='line_1_43' title="bbox 0 0 1474 4838; baseline 0 0"><span class='ocrx_word' id='word_1_286' title='bbox 0 0 1474 4838; x_wconf 95' lang='lat' dir='ltr'><strong> </strong></span> 
     </span>
    </p>
   </div>
  </div>
 </body>
</html>
