<?xml version="1.0" encoding="UTF-8"?>
<!DOCTYPE html PUBLIC "-//W3C//DTD XHTML 1.0 Transitional//EN"
    "http://www.w3.org/TR/xhtml1/DTD/xhtml1-transitional.dtd">
<html xmlns="http://www.w3.org/1999/xhtml" xml:lang="en" lang="en">
 <head>
  <title>
</title>
<meta http-equiv="Content-Type" content="text/html;charset=utf-8" />
  <meta name='ocr-system' content='tesseract 3.04.00' />
  <meta name='ocr-capabilities' content='ocr_page ocr_carea ocr_par ocr_line ocrx_word'/>
</head>
<body>
  <div class='ocr_page' id='page_1' title='image "./defabulatogatar01neukgoog_0215.png"; bbox 0 0 2940 4838; ppageno 0'>
   <div class='ocr_carea' id='block_1_1' title="bbox 224 329 341 410">
    <p class='ocr_par' dir='ltr' id='par_1_1' title="bbox 224 329 341 410">
     <span class='ocr_line' id='line_1_1' title="bbox 224 329 341 410; baseline 0 0"><span class='ocrx_word' id='word_1_1' title='bbox 224 329 341 410; x_wconf 71' lang='lat'><strong>¹5200</strong></span> 
     </span>
    </p>
   </div>
   <div class='ocr_carea' id='block_1_2' title="bbox 237 505 1302 770">
    <p class='ocr_par' dir='ltr' id='par_1_2' title="bbox 237 505 1302 770">
     <span class='ocr_line' id='line_1_2' title="bbox 237 505 1302 609; baseline 0.001 -39"><span class='ocrx_word' id='word_1_2' title='bbox 237 508 443 590; x_wconf 84' lang='lat' dir='ltr'><strong>¹supradictam</strong></span> <span class='ocrx_word' id='word_1_3' title='bbox 469 505 652 609; x_wconf 76' lang='lat' dir='ltr'><strong>proferebant</strong></span> <span class='ocrx_word' id='word_1_4' title='bbox 679 506 904 570; x_wconf 78' lang='lat' dir='ltr'><strong>declinationem.</strong></span> <span class='ocrx_word' id='word_1_5' title='bbox 953 505 1090 570; x_wconf 77' lang='lat' dir='ltr'><strong>Afranius</strong></span> <span class='ocrx_word' id='word_1_6' title='bbox 1115 507 1146 570; x_wconf 89' lang='lat' dir='ltr'><strong>in</strong></span> <span class='ocrx_word' id='word_1_7' title='bbox 1167 507 1302 571; x_wconf 70' lang='lat' dir='ltr'><strong>Emend-</strong></span> 
     </span>
     <span class='ocr_line' id='line_1_3' title="bbox 253 601 1178 770; baseline -0.005 -18"><span class='ocrx_word' id='word_1_8' title='bbox 253 601 470 752; x_wconf 65' lang='lat' dir='ltr'><strong>patoSollicito</strong></span> <span class='ocrx_word' id='word_1_9' title='bbox 496 680 608 750; x_wconf 85' lang='lat' dir='ltr'><strong>corde</strong></span> <span class='ocrx_word' id='word_1_10' title='bbox 633 669 765 770; x_wconf 71' lang='lat' dir='ltr'><strong>corpus</strong></span> <span class='ocrx_word' id='word_1_11' title='bbox 785 691 865 750; x_wconf 80' lang='lat' dir='ltr'><strong>uon</strong></span> <span class='ocrx_word' id='word_1_12' title='bbox 890 667 1025 769; x_wconf 80' lang='lat' dir='ltr'><strong>potitr&#39;rr</strong></span> <span class='ocrx_word' id='word_1_13' title='bbox 1049 677 1178 770; x_wconf 88' lang='lat' dir='ltr'><strong>quic.“</strong></span> 
     </span>
    </p>
   </div>
   <div class='ocr_carea' id='block_1_3' title="bbox 252 794 1299 1132">
    <p class='ocr_par' dir='ltr' id='par_1_3' title="bbox 252 794 1299 1132">
     <span class='ocr_line' id='line_1_4' title="bbox 253 794 1299 880; baseline -0.004 -22"><span class='ocrx_word' id='word_1_14' title='bbox 253 798 395 880; x_wconf 91' lang='lat' dir='ltr'><strong>potitur</strong></span> <span class='ocrx_word' id='word_1_15' title='bbox 416 795 504 876; x_wconf 90' lang='lat' dir='ltr'><strong>quie.</strong></span> <span class='ocrx_word' id='word_1_16' title='bbox 539 794 621 856; x_wconf 83' lang='lat' dir='ltr'>Libri</span> <span class='ocrx_word' id='word_1_17' title='bbox 642 795 785 875; x_wconf 90' lang='lat' dir='ltr'><strong>potitur</strong></span> <span class='ocrx_word' id='word_1_18' title='bbox 805 815 897 855; x_wconf 91' lang='lat' dir='ltr'><strong>nunc</strong></span> <span class='ocrx_word' id='word_1_19' title='bbox 917 794 1014 874; x_wconf 66' lang='lat' dir='ltr'><strong>quie.</strong></span> <span class='ocrx_word' id='word_1_20' title='bbox 1041 795 1175 855; x_wconf 82' lang='lat' dir='ltr'><strong>Botbius:</strong></span> <span class='ocrx_word' id='word_1_21' title='bbox 1203 795 1299 867; x_wconf 86' lang='lat' dir='ltr'><strong>„Sen-</strong></span> 
     </span>
     <span class='ocr_line' id='line_1_5' title="bbox 252 879 1297 960; baseline -0.004 -17"><span class='ocrx_word' id='word_1_22' title='bbox 252 883 343 944; x_wconf 91' lang='lat' dir='ltr'><strong>tentia</strong></span> <span class='ocrx_word' id='word_1_23' title='bbox 363 903 420 941; x_wconf 91' lang='lat' dir='ltr'><strong>non</strong></span> <span class='ocrx_word' id='word_1_24' title='bbox 442 880 561 960; x_wconf 80' lang='lat' dir='ltr'><strong>requirit</strong></span> <span class='ocrx_word' id='word_1_25' title='bbox 581 901 688 952; x_wconf 88' lang='lat' dir='ltr'><strong>nune,</strong></span> <span class='ocrx_word' id='word_1_26' title='bbox 709 879 818 960; x_wconf 78' lang='lat' dir='ltr'><strong>respuit</strong></span> <span class='ocrx_word' id='word_1_27' title='bbox 832 899 930 942; x_wconf 87' lang='lat' dir='ltr'><strong>vorsus</strong></span> <span class='ocrx_word' id='word_1_28' title='bbox 951 879 1100 940; x_wconf 77' lang='lat' dir='ltr'><strong>iambicus:</strong></span> <span class='ocrx_word' id='word_1_29' title='bbox 1124 900 1212 960; x_wconf 87' lang='lat' dir='ltr'><strong>quare</strong></span> <span class='ocrx_word' id='word_1_30' title='bbox 1229 900 1297 960; x_wconf 89' lang='lat' dir='ltr'><strong>sup-</strong></span> 
     </span>
     <span class='ocr_line' id='line_1_6' title="bbox 252 964 1297 1049; baseline -0.003 -22"><span class='ocrx_word' id='word_1_31' title='bbox 252 967 405 1049; x_wconf 87' lang='lat' dir='ltr'><strong>posititium</strong></span> <span class='ocrx_word' id='word_1_32' title='bbox 436 986 499 1026; x_wconf 87' lang='lat' dir='ltr'><strong>esse</strong></span> <span class='ocrx_word' id='word_1_33' title='bbox 530 964 661 1025; x_wconf 88' lang='lat' dir='ltr'><strong>arbitror.</strong></span> <span class='ocrx_word' id='word_1_34' title='bbox 671 969 690 1000; x_wconf 90' lang='lat'><strong>“</strong></span> <span class='ocrx_word' id='word_1_35' title='bbox 745 965 882 1045; x_wconf 77' lang='lat' dir='ltr'><strong>imprimis</strong></span> <span class='ocrx_word' id='word_1_36' title='bbox 915 965 979 1023; x_wconf 88' lang='lat' dir='ltr'><strong>ideo</strong></span> <span class='ocrx_word' id='word_1_37' title='bbox 1010 966 1174 1025; x_wconf 88' lang='lat' dir='ltr'><strong>vocabulum</strong></span> <span class='ocrx_word' id='word_1_38' title='bbox 1205 984 1297 1024; x_wconf 86' lang='lat' dir='ltr'><strong>nune</strong></span> 
     </span>
     <span class='ocr_line' id='line_1_7' title="bbox 252 1043 1294 1132; baseline -0.005 -19"><span class='ocrx_word' id='word_1_39' title='bbox 252 1052 400 1114; x_wconf 83' lang='lat' dir='ltr'><strong>delendum</strong></span> <span class='ocrx_word' id='word_1_40' title='bbox 414 1071 532 1126; x_wconf 86' lang='lat' dir='ltr'><strong>censeo,</strong></span> <span class='ocrx_word' id='word_1_41' title='bbox 554 1051 630 1130; x_wconf 87' lang='lat' dir='ltr'><strong>quod</strong></span> <span class='ocrx_word' id='word_1_42' title='bbox 639 1069 674 1111; x_wconf 89' lang='lat' dir='ltr'><strong>eo</strong></span> <span class='ocrx_word' id='word_1_43' title='bbox 687 1057 830 1130; x_wconf 83' lang='lat' dir='ltr'><strong>expuncto</strong></span> <span class='ocrx_word' id='word_1_44' title='bbox 843 1043 984 1110; x_wconf 79' lang='lat' dir='ltr'><strong>sententia</strong></span> <span class='ocrx_word' id='word_1_45' title='bbox 997 1049 1141 1132; x_wconf 89' lang='lat' dir='ltr'><strong>generalis</strong></span> <span class='ocrx_word' id='word_1_46' title='bbox 1157 1050 1294 1122; x_wconf 78' lang='lat' dir='ltr'><strong>nascitur.</strong></span> 
     </span>
    </p>
   </div>
   <div class='ocr_carea' id='block_1_4' title="bbox 720 1217 829 1278">
    <p class='ocr_par' dir='ltr' id='par_1_4' title="bbox 720 1217 829 1278">
     <span class='ocr_line' id='line_1_8' title="bbox 720 1217 829 1278; baseline 0.009 -1"><span class='ocrx_word' id='word_1_47' title='bbox 720 1217 829 1278; x_wconf 85' lang='lat' dir='ltr'><strong>XXlll.</strong></span> 
     </span>
    </p>
   </div>
   <div class='ocr_carea' id='block_1_5' title="bbox 251 1323 1293 1672">
    <p class='ocr_par' dir='ltr' id='par_1_5' title="bbox 251 1323 1293 1672">
     <span class='ocr_line' id='line_1_9' title="bbox 334 1323 1293 1420; baseline -0.003 -21"><span class='ocrx_word' id='word_1_48' title='bbox 334 1339 438 1400; x_wconf 82' lang='lat' dir='ltr'><strong>Festus</strong></span> <span class='ocrx_word' id='word_1_49' title='bbox 464 1357 492 1400; x_wconf 84' lang='lat' dir='ltr'><strong>v.</strong></span> <span class='ocrx_word' id='word_1_50' title='bbox 513 1338 701 1410; x_wconf 82' lang='lat' dir='ltr'><strong>Remearc,</strong></span> <span class='ocrx_word' id='word_1_51' title='bbox 729 1337 845 1420; x_wconf 85' lang='lat' dir='ltr'><strong>Fragm.</strong></span> <span class='ocrx_word' id='word_1_52' title='bbox 873 1357 900 1416; x_wconf 86' lang='lat' dir='ltr'><strong>p.</strong></span> <span class='ocrx_word' id='word_1_53' title='bbox 918 1342 959 1398; x_wconf 74' lang='lat' dir='ltr'><strong>ta</strong></span> <span class='ocrx_word' id='word_1_54' title='bbox 988 1323 1173 1396; x_wconf 75' lang='lat' dir='ltr'><strong>erl.1lacer.:</strong></span> <span class='ocrx_word' id='word_1_55' title='bbox 1204 1336 1293 1410; x_wconf 82' lang='lat' dir='ltr'><strong>„llo-</strong></span> 
     </span>
     <span class='ocr_line' id='line_1_10' title="bbox 252 1421 1291 1496; baseline -0.004 -12"><span class='ocrx_word' id='word_1_56' title='bbox 252 1443 382 1496; x_wconf 86' lang='lat' dir='ltr'><strong>meare,</strong></span> <span class='ocrx_word' id='word_1_57' title='bbox 403 1422 512 1496; x_wconf 78' lang='lat' dir='ltr'><strong>redire:</strong></span> <span class='ocrx_word' id='word_1_58' title='bbox 541 1429 574 1482; x_wconf 94' lang='lat' dir='ltr'><strong>ut</strong></span> <span class='ocrx_word' id='word_1_59' title='bbox 595 1442 806 1494; x_wconf 90' lang='lat' dir='ltr'><strong>commeare,</strong></span> <span class='ocrx_word' id='word_1_60' title='bbox 828 1422 903 1480; x_wconf 92' lang='lat' dir='ltr'><strong>ultro</strong></span> <span class='ocrx_word' id='word_1_61' title='bbox 925 1421 997 1481; x_wconf 92' lang='lat' dir='ltr'><strong>citro</strong></span> <span class='ocrx_word' id='word_1_62' title='bbox 1019 1421 1078 1494; x_wconf 79' lang='lat' dir='ltr'><strong>ire:</strong></span> <span class='ocrx_word' id='word_1_63' title='bbox 1107 1422 1183 1482; x_wconf 86' lang='lat' dir='ltr'><strong>uude</strong></span> <span class='ocrx_word' id='word_1_64' title='bbox 1204 1440 1291 1481; x_wconf 89' lang='lat' dir='ltr'><strong>com·</strong></span> 
     </span>
     <span class='ocr_line' id='line_1_11' title="bbox 251 1501 1292 1589; baseline -0.005 -18"><span class='ocrx_word' id='word_1_65' title='bbox 251 1517 388 1578; x_wconf 78' lang='lat' dir='ltr'><strong>meatus</strong></span> <span class='ocrx_word' id='word_1_66' title='bbox 416 1501 494 1568; x_wconf 89' lang='lat' dir='ltr'><strong>dori</strong></span> <span class='ocrx_word' id='word_1_67' title='bbox 522 1507 638 1580; x_wconf 87' lang='lat' dir='ltr'><strong>dicitur,</strong></span> <span class='ocrx_word' id='word_1_68' title='bbox 671 1507 700 1565; x_wconf 91' lang='lat' dir='ltr'><strong>id</strong></span> <span class='ocrx_word' id='word_1_69' title='bbox 729 1513 788 1578; x_wconf 88' lang='lat' dir='ltr'><strong>cst,</strong></span> <span class='ocrx_word' id='word_1_70' title='bbox 815 1513 939 1585; x_wconf 86' lang='lat' dir='ltr'><strong>tempus,</strong></span> <span class='ocrx_word' id='word_1_71' title='bbox 967 1526 1023 1585; x_wconf 86' lang='lat' dir='ltr'><strong>quo</strong></span> <span class='ocrx_word' id='word_1_72' title='bbox 1046 1503 1116 1587; x_wconf 88' lang='lat' dir='ltr'><strong>(quo</strong></span> <span class='ocrx_word' id='word_1_73' title='bbox 1137 1503 1292 1589; x_wconf 25' lang='lat' dir='ltr'><strong>quislllire</strong></span> 
     </span>
     <span class='ocr_line' id='line_1_12' title="bbox 251 1590 975 1672; baseline -0.006 -18"><span class='ocrx_word' id='word_1_74' title='bbox 251 1595 401 1672; x_wconf 86' lang='lat' dir='ltr'><strong>redirequo</strong></span> <span class='ocrx_word' id='word_1_75' title='bbox 422 1593 521 1672; x_wconf 85' lang='lat' dir='ltr'><strong>possit</strong></span> <span class='ocrx_word' id='word_1_76' title='bbox 571 1590 706 1652; x_wconf 80' lang='lat' dir='ltr'><strong>Afranius</strong></span> <span class='ocrx_word' id='word_1_77' title='bbox 726 1591 756 1650; x_wconf 91' lang='lat' dir='ltr'><strong>in</strong></span> <span class='ocrx_word' id='word_1_78' title='bbox 776 1592 975 1670; x_wconf 72' lang='lat' dir='ltr'><strong>Emancipato:</strong></span> 
     </span>
    </p>
   </div>
   <div class='ocr_carea' id='block_1_6' title="bbox 225 1682 1166 1868">
    <p class='ocr_par' dir='ltr' id='par_1_6' title="bbox 225 1682 1166 1868">
     <span class='ocr_line' id='line_1_13' title="bbox 301 1682 1166 1784; baseline -0.013 -19"><span class='ocrx_word' id='word_1_79' title='bbox 301 1685 430 1766; x_wconf 81' lang='lat' dir='ltr'><strong>Vetuit</strong></span> <span class='ocrx_word' id='word_1_80' title='bbox 455 1717 514 1764; x_wconf 91' lang='lat' dir='ltr'><strong>me</strong></span> <span class='ocrx_word' id='word_1_81' title='bbox 539 1694 618 1764; x_wconf 88' lang='lat' dir='ltr'><strong>sine</strong></span> <span class='ocrx_word' id='word_1_82' title='bbox 643 1693 809 1764; x_wconf 76' lang='lat' dir='ltr'><strong>mercede</strong></span> <span class='ocrx_word' id='word_1_83' title='bbox 834 1714 982 1784; x_wconf 85' lang='lat' dir='ltr'><strong>prosum</strong></span> <span class='ocrx_word' id='word_1_84' title='bbox 1006 1682 1166 1764; x_wconf 64' lang='lat' dir='ltr'><strong>Paccius</strong></span> 
     </span>
     <span class='ocr_line' id='line_1_14' title="bbox 225 1787 816 1868; baseline -0.025 4"><span class='ocrx_word' id='word_1_85' title='bbox 225 1832 232 1841; x_wconf 89' lang='lat'><strong>·</strong></span> <span class='ocrx_word' id='word_1_86' title='bbox 300 1787 483 1868; x_wconf 78' lang='lat' dir='ltr'><strong>Rerrretire</strong></span> <span class='ocrx_word' id='word_1_87' title='bbox 507 1796 545 1866; x_wconf 92' lang='lat' dir='ltr'><strong>in</strong></span> <span class='ocrx_word' id='word_1_88' title='bbox 570 1796 705 1866; x_wconf 90' lang='lat' dir='ltr'><strong>ludum.</strong></span> <span class='ocrx_word' id='word_1_89' title='bbox 716 1801 739 1838; x_wconf 79' lang='lat'><strong>⁸⁶</strong></span> <span class='ocrx_word' id='word_1_90' title='bbox 764 1835 816 1847; x_wconf 90' lang='lat'>-</span> 
     </span>
    </p>
   </div>
   <div class='ocr_carea' id='block_1_7' title="bbox 248 1901 1292 2497">
    <p class='ocr_par' dir='ltr' id='par_1_7' title="bbox 248 1901 1292 2497">
     <span class='ocr_line' id='line_1_15' title="bbox 248 1901 1291 1996; baseline -0.005 -19"><span class='ocrx_word' id='word_1_91' title='bbox 248 1913 400 1976; x_wconf 78' lang='lat' dir='ltr'><strong>Paccius</strong></span> <span class='ocrx_word' id='word_1_92' title='bbox 427 1913 490 1973; x_wconf 85' lang='lat' dir='ltr'><strong>Jos.</strong></span> <span class='ocrx_word' id='word_1_93' title='bbox 519 1912 665 1994; x_wconf 79' lang='lat' dir='ltr'><strong>Scaliger,</strong></span> <span class='ocrx_word' id='word_1_94' title='bbox 696 1901 813 1972; x_wconf 82' lang='lat' dir='ltr'><strong>Fulvius</strong></span> <span class='ocrx_word' id='word_1_95' title='bbox 833 1909 969 1984; x_wconf 85' lang='lat' dir='ltr'><strong>Ursinus,</strong></span> <span class='ocrx_word' id='word_1_96' title='bbox 998 1911 1127 1972; x_wconf 87' lang='lat' dir='ltr'><strong>Botbius.</strong></span> <span class='ocrx_word' id='word_1_97' title='bbox 1168 1911 1291 1996; x_wconf 77' lang='lat' dir='ltr'><strong>Legitur</strong></span> 
     </span>
     <span class='ocr_line' id='line_1_16' title="bbox 249 1997 1290 2082; baseline -0.003 -22"><span class='ocrx_word' id='word_1_98' title='bbox 249 1999 411 2082; x_wconf 78' lang='lat' dir='ltr'><strong>paucius.</strong></span> <span class='ocrx_word' id='word_1_99' title='bbox 449 1999 548 2078; x_wconf 89' lang='lat' dir='ltr'><strong>Stepb.</strong></span> <span class='ocrx_word' id='word_1_100' title='bbox 578 1997 713 2078; x_wconf 89' lang='lat' dir='ltr'><strong>paucis.</strong></span> <span class='ocrx_word' id='word_1_101' title='bbox 756 1997 837 2055; x_wconf 83' lang='lat' dir='ltr'><strong>Pulv.</strong></span> <span class='ocrx_word' id='word_1_102' title='bbox 857 1997 979 2056; x_wconf 86' lang='lat' dir='ltr'><strong>Ursinus</strong></span> <span class='ocrx_word' id='word_1_103' title='bbox 1000 2004 1113 2075; x_wconf 88' lang='lat' dir='ltr'><strong>praeter</strong></span> <span class='ocrx_word' id='word_1_104' title='bbox 1134 1997 1290 2059; x_wconf 88' lang='lat' dir='ltr'><strong>Paccius</strong></span> 
     </span>
     <span class='ocr_line' id='line_1_17' title="bbox 250 2080 1292 2163; baseline -0.003 -18"><span class='ocrx_word' id='word_1_105' title='bbox 250 2085 336 2146; x_wconf 90' lang='lat' dir='ltr'><strong>ctiam</strong></span> <span class='ocrx_word' id='word_1_106' title='bbox 355 2082 514 2144; x_wconf 84' lang='lat' dir='ltr'><strong>Pauoiur</strong></span> <span class='ocrx_word' id='word_1_107' title='bbox 536 2082 670 2163; x_wconf 81' lang='lat' dir='ltr'><strong>proponit</strong></span> <span class='ocrx_word' id='word_1_108' title='bbox 691 2100 752 2141; x_wconf 89' lang='lat' dir='ltr'><strong>cum</strong></span> <span class='ocrx_word' id='word_1_109' title='bbox 766 2080 905 2140; x_wconf 87' lang='lat' dir='ltr'><strong>Turnebo</strong></span> <span class='ocrx_word' id='word_1_110' title='bbox 926 2081 1046 2142; x_wconf 80' lang='lat' dir='ltr'><strong>Adsere.</strong></span> <span class='ocrx_word' id='word_1_111' title='bbox 1058 2082 1137 2142; x_wconf 89' lang='grc' dir='ltr'><strong>ΧΙΙΙ.</strong></span> <span class='ocrx_word' id='word_1_112' title='bbox 1155 2087 1205 2144; x_wconf 68' lang='lat'><strong>25.</strong></span> <span class='ocrx_word' id='word_1_113' title='bbox 1236 2083 1292 2142; x_wconf 77' lang='lat' dir='ltr'><strong>llu-</strong></span> 
     </span>
     <span class='ocr_line' id='line_1_18' title="bbox 250 2165 1291 2253; baseline -0.004 -23"><span class='ocrx_word' id='word_1_114' title='bbox 250 2169 296 2253; x_wconf 89' lang='lat' dir='ltr'><strong>git</strong></span> <span class='ocrx_word' id='word_1_115' title='bbox 316 2188 376 2240; x_wconf 90' lang='lat' dir='ltr'><strong>me,</strong></span> <span class='ocrx_word' id='word_1_116' title='bbox 404 2187 470 2228; x_wconf 90' lang='lat' dir='ltr'><strong>uum</strong></span> <span class='ocrx_word' id='word_1_117' title='bbox 491 2167 557 2228; x_wconf 92' lang='lat' dir='ltr'><strong>alibi</strong></span> <span class='ocrx_word' id='word_1_118' title='bbox 580 2165 690 2246; x_wconf 85' lang='lat' dir='ltr'><strong>quoque</strong></span> <span class='ocrx_word' id='word_1_119' title='bbox 711 2167 787 2225; x_wconf 84' lang='lat' dir='ltr'><strong>istud</strong></span> <span class='ocrx_word' id='word_1_120' title='bbox 805 2186 906 2225; x_wconf 87' lang='lat' dir='ltr'><strong>nomen</strong></span> <span class='ocrx_word' id='word_1_121' title='bbox 929 2166 1097 2247; x_wconf 85' lang='lat' dir='ltr'><strong>reperiatur.</strong></span> <span class='ocrx_word' id='word_1_122' title='bbox 1139 2167 1291 2230; x_wconf 88' lang='lat' dir='ltr'><strong>Paccius</strong></span> 
     </span>
     <span class='ocr_line' id='line_1_19' title="bbox 250 2251 1290 2333; baseline -0.003 -18"><span class='ocrx_word' id='word_1_123' title='bbox 250 2274 270 2315; x_wconf 87' lang='lat' dir='ltr'><strong>a</strong></span> <span class='ocrx_word' id='word_1_124' title='bbox 290 2253 428 2315; x_wconf 82' lang='lat' dir='ltr'><strong>Cicerone</strong></span> <span class='ocrx_word' id='word_1_125' title='bbox 449 2252 540 2333; x_wconf 81' lang='lat' dir='ltr'><strong>Epist.</strong></span> <span class='ocrx_word' id='word_1_126' title='bbox 563 2254 599 2312; x_wconf 91' lang='lat' dir='ltr'><strong>ad</strong></span> <span class='ocrx_word' id='word_1_127' title='bbox 620 2251 741 2312; x_wconf 81' lang='lat' dir='ltr'><strong>ntt.1V.</strong></span> <span class='ocrx_word' id='word_1_128' title='bbox 760 2259 799 2313; x_wconf 83' lang='lat'><strong>16</strong></span> <span class='ocrx_word' id='word_1_129' title='bbox 827 2251 946 2330; x_wconf 87' lang='lat' dir='ltr'><strong>aliisque</strong></span> <span class='ocrx_word' id='word_1_130' title='bbox 973 2259 1214 2313; x_wconf 87' lang='lat' dir='ltr'><strong>commemoretur.</strong></span> <span class='ocrx_word' id='word_1_131' title='bbox 1246 2251 1290 2312; x_wconf 83' lang='lat' dir='ltr'><strong>cf.</strong></span> 
     </span>
     <span class='ocr_line' id='line_1_20' title="bbox 249 2335 1290 2420; baseline -0.002 -20"><span class='ocrx_word' id='word_1_132' title='bbox 249 2338 430 2400; x_wconf 87' lang='lat' dir='ltr'><strong>Weicbertus</strong></span> <span class='ocrx_word' id='word_1_133' title='bbox 457 2339 493 2398; x_wconf 79' lang='lat' dir='ltr'><strong>tle</strong></span> <span class='ocrx_word' id='word_1_134' title='bbox 523 2340 556 2398; x_wconf 83' lang='lat' dir='ltr'><strong>C.</strong></span> <span class='ocrx_word' id='word_1_135' title='bbox 577 2337 681 2420; x_wconf 86' lang='lat' dir='ltr'><strong>Valgia</strong></span> <span class='ocrx_word' id='word_1_136' title='bbox 702 2335 778 2397; x_wconf 84' lang='lat' dir='ltr'><strong>Rufo</strong></span> <span class='ocrx_word' id='word_1_137' title='bbox 800 2357 828 2415; x_wconf 93' lang='lat' dir='ltr'><strong>p.</strong></span> <span class='ocrx_word' id='word_1_138' title='bbox 845 2342 895 2397; x_wconf 68' lang='lat'><strong>28.</strong></span> <span class='ocrx_word' id='word_1_139' title='bbox 926 2369 969 2382; x_wconf 91' lang='lat'>-</span> <span class='ocrx_word' id='word_1_140' title='bbox 999 2337 1162 2412; x_wconf 74' lang='lat' dir='ltr'><strong>Pronum,</strong></span> <span class='ocrx_word' id='word_1_141' title='bbox 1193 2339 1290 2419; x_wconf 74' lang='lat' dir='ltr'><strong>plane:</strong></span> 
     </span>
     <span class='ocr_line' id='line_1_21' title="bbox 249 2419 910 2497; baseline -0.005 -13"><span class='ocrx_word' id='word_1_142' title='bbox 249 2424 382 2497; x_wconf 84' lang='lat' dir='ltr'><strong>ludum,</strong></span> <span class='ocrx_word' id='word_1_143' title='bbox 410 2421 503 2483; x_wconf 83' lang='lat' dir='ltr'><strong>ludum</strong></span> <span class='ocrx_word' id='word_1_144' title='bbox 525 2423 707 2494; x_wconf 87' lang='lat' dir='ltr'><strong>litterarium,</strong></span> <span class='ocrx_word' id='word_1_145' title='bbox 737 2428 770 2481; x_wconf 91' lang='lat' dir='ltr'><strong>ut</strong></span> <span class='ocrx_word' id='word_1_146' title='bbox 783 2419 910 2482; x_wconf 76' lang='lat' dir='ltr'><strong>videtur.</strong></span> 
     </span>
    </p>
   </div>
   <div class='ocr_carea' id='block_1_8' title="bbox 714 2570 822 2632">
    <p class='ocr_par' dir='ltr' id='par_1_8' title="bbox 714 2570 822 2632">
     <span class='ocr_line' id='line_1_22' title="bbox 714 2570 822 2632; baseline -0.009 0"><span class='ocrx_word' id='word_1_147' title='bbox 714 2570 822 2632; x_wconf 71' lang='lat' dir='ltr'><strong>xxiv,</strong></span> 
     </span>
    </p>
   </div>
   <div class='ocr_carea' id='block_1_9' title="bbox 250 2690 1289 2858">
    <p class='ocr_par' dir='ltr' id='par_1_9' title="bbox 250 2690 1289 2858">
     <span class='ocr_line' id='line_1_23' title="bbox 334 2690 1289 2772; baseline 0.003 -21"><span class='ocrx_word' id='word_1_148' title='bbox 334 2693 438 2752; x_wconf 84' lang='lat' dir='ltr'><strong>Eestus</strong></span> <span class='ocrx_word' id='word_1_149' title='bbox 458 2712 486 2752; x_wconf 82' lang='lat' dir='ltr'><strong>v.</strong></span> <span class='ocrx_word' id='word_1_150' title='bbox 509 2690 699 2764; x_wconf 82' lang='lat' dir='ltr'><strong>Oratores,</strong></span> <span class='ocrx_word' id='word_1_151' title='bbox 721 2691 837 2772; x_wconf 85' lang='lat' dir='ltr'><strong>Eragm.</strong></span> <span class='ocrx_word' id='word_1_152' title='bbox 859 2712 887 2770; x_wconf 89' lang='lat' dir='ltr'><strong>p.</strong></span> <span class='ocrx_word' id='word_1_153' title='bbox 904 2697 943 2752; x_wconf 86' lang='lat'><strong>16</strong></span> <span class='ocrx_word' id='word_1_154' title='bbox 966 2691 1011 2751; x_wconf 76' lang='lat' dir='ltr'><strong>ecl.</strong></span> <span class='ocrx_word' id='word_1_155' title='bbox 1032 2690 1154 2753; x_wconf 77' lang='lat' dir='ltr'><strong>Ducem:</strong></span> <span class='ocrx_word' id='word_1_156' title='bbox 1183 2692 1289 2769; x_wconf 79' lang='lat' dir='ltr'><strong>„Ora-</strong></span> 
     </span>
     <span class='ocr_line' id='line_1_24' title="bbox 250 2772 1177 2858; baseline -0.001 -20"><span class='ocrx_word' id='word_1_157' title='bbox 250 2783 353 2839; x_wconf 88' lang='lat' dir='ltr'><strong>tores</strong></span> <span class='ocrx_word' id='word_1_158' title='bbox 374 2796 426 2858; x_wconf 92' lang='lat' dir='ltr'><strong>pro</strong></span> <span class='ocrx_word' id='word_1_159' title='bbox 448 2775 687 2856; x_wconf 87' lang='lat' dir='ltr'><strong>deprecatoribus.</strong></span> <span class='ocrx_word' id='word_1_160' title='bbox 708 2807 750 2821; x_wconf 94' lang='lat'>-</span> <span class='ocrx_word' id='word_1_161' title='bbox 771 2772 912 2835; x_wconf 82' lang='lat' dir='ltr'><strong>Afranius</strong></span> <span class='ocrx_word' id='word_1_162' title='bbox 928 2775 956 2834; x_wconf 92' lang='lat' dir='ltr'><strong>in</strong></span> <span class='ocrx_word' id='word_1_163' title='bbox 979 2776 1177 2856; x_wconf 83' lang='lat' dir='ltr'><strong>Emancipato:</strong></span> 
     </span>
    </p>
   </div>
   <div class='ocr_carea' id='block_1_10' title="bbox 299 2860 1166 2955">
    <p class='ocr_par' dir='ltr' id='par_1_10' title="bbox 299 2860 1166 2955">
     <span class='ocr_line' id='line_1_25' title="bbox 299 2860 1166 2955; baseline -0.005 -19"><span class='ocrx_word' id='word_1_164' title='bbox 299 2862 662 2936; x_wconf 86' lang='lat' dir='ltr'><strong>..si....tum</strong></span> <span class='ocrx_word' id='word_1_165' title='bbox 689 2861 843 2955; x_wconf 87' lang='lat' dir='ltr'><strong>siquod</strong></span> <span class='ocrx_word' id='word_1_166' title='bbox 869 2860 1166 2934; x_wconf 85' lang='lat' dir='ltr'><strong>oritur....“</strong></span> 
     </span>
    </p>
   </div>
   <div class='ocr_carea' id='block_1_11' title="bbox 249 2961 1288 3128">
    <p class='ocr_par' dir='ltr' id='par_1_11' title="bbox 249 2961 1288 3128">
     <span class='ocr_line' id='line_1_26' title="bbox 251 2961 1288 3048; baseline -0.005 -22"><span class='ocrx_word' id='word_1_167' title='bbox 251 2963 383 3048; x_wconf 78' lang='lat' dir='ltr'><strong>Scaliger</strong></span> <span class='ocrx_word' id='word_1_168' title='bbox 403 2962 541 3045; x_wconf 82' lang='lat' dir='ltr'><strong>corrigit:</strong></span> <span class='ocrx_word' id='word_1_169' title='bbox 570 2962 598 3022; x_wconf 95' lang='lat' dir='ltr'><strong>si</strong></span> <span class='ocrx_word' id='word_1_170' title='bbox 619 2961 850 3042; x_wconf 86' lang='lat' dir='ltr'><strong>qnid-orator</strong></span> <span class='ocrx_word' id='word_1_171' title='bbox 877 3003 1041 3024; x_wconf 91' lang='lat'><strong>......</strong></span> <span class='ocrx_word' id='word_1_172' title='bbox 1075 2964 1160 3023; x_wconf 89' lang='lat' dir='ltr'><strong>ltem</strong></span> <span class='ocrx_word' id='word_1_173' title='bbox 1188 3004 1288 3026; x_wconf 87' lang='grc'><strong>.....</strong></span> 
     </span>
     <span class='ocr_line' id='line_1_27' title="bbox 249 3047 1172 3128; baseline -0.003 -16"><span class='ocrx_word' id='word_1_174' title='bbox 249 3050 391 3112; x_wconf 86' lang='grc' dir='ltr'><strong>Ραιιαίοια</strong></span> <span class='ocrx_word' id='word_1_175' title='bbox 412 3055 493 3125; x_wconf 88' lang='lat' dir='ltr'><strong>sunt,</strong></span> <span class='ocrx_word' id='word_1_176' title='bbox 522 3067 605 3128; x_wconf 89' lang='lat' dir='ltr'><strong>quam</strong></span> <span class='ocrx_word' id='word_1_177' title='bbox 625 3067 698 3127; x_wconf 83' lang='lat' dir='ltr'><strong>quae</strong></span> <span class='ocrx_word' id='word_1_178' title='bbox 718 3047 900 3128; x_wconf 89' lang='lat' dir='ltr'><strong>probabiliter</strong></span> <span class='ocrx_word' id='word_1_179' title='bbox 921 3047 1029 3128; x_wconf 87' lang='lat' dir='ltr'><strong>expleri</strong></span> <span class='ocrx_word' id='word_1_180' title='bbox 1049 3049 1172 3128; x_wconf 84' lang='lat' dir='ltr'><strong>possint.</strong></span> 
     </span>
    </p>
   </div>
   <div class='ocr_carea' id='block_1_12' title="bbox 248 3210 1290 4232">
    <p class='ocr_par' dir='ltr' id='par_1_12' title="bbox 248 3210 1290 4168">
     <span class='ocr_line' id='line_1_28' title="bbox 335 3210 1287 3301; baseline 0.001 -23"><span class='ocrx_word' id='word_1_181' title='bbox 335 3220 449 3278; x_wconf 88' lang='lat' dir='ltr'><strong>Summa</strong></span> <span class='ocrx_word' id='word_1_182' title='bbox 461 3217 544 3276; x_wconf 91' lang='lat' dir='ltr'><strong>huius</strong></span> <span class='ocrx_word' id='word_1_183' title='bbox 561 3210 673 3276; x_wconf 84' lang='lat' dir='ltr'><strong>fabulae</strong></span> <span class='ocrx_word' id='word_1_184' title='bbox 688 3222 767 3296; x_wconf 90' lang='lat' dir='ltr'><strong>patet</strong></span> <span class='ocrx_word' id='word_1_185' title='bbox 788 3237 825 3276; x_wconf 83' lang='lat' dir='ltr'><strong>ex</strong></span> <span class='ocrx_word' id='word_1_186' title='bbox 846 3214 1029 3295; x_wconf 89' lang='lat' dir='ltr'><strong>inscriptione</strong></span> <span class='ocrx_word' id='word_1_187' title='bbox 1050 3223 1080 3276; x_wconf 89' lang='lat' dir='ltr'><strong>et</strong></span> <span class='ocrx_word' id='word_1_188' title='bbox 1101 3237 1139 3278; x_wconf 87' lang='lat' dir='ltr'><strong>ex</strong></span> <span class='ocrx_word' id='word_1_189' title='bbox 1159 3215 1287 3301; x_wconf 85' lang='lat' dir='ltr'><strong>fragmm.</strong></span> 
     </span>
     <span class='ocr_line' id='line_1_29' title="bbox 249 3299 1289 3382; baseline 0 -17"><span class='ocrx_word' id='word_1_190' title='bbox 249 3305 273 3365; x_wconf 96' lang='lat' dir='ltr'><strong>l.</strong></span> <span class='ocrx_word' id='word_1_191' title='bbox 293 3304 372 3364; x_wconf 88' lang='lat' dir='ltr'><strong>Xlll.</strong></span> <span class='ocrx_word' id='word_1_192' title='bbox 394 3302 471 3362; x_wconf 82' lang='lat' dir='ltr'><strong>xvl.</strong></span> <span class='ocrx_word' id='word_1_193' title='bbox 522 3301 574 3362; x_wconf 89' lang='lat' dir='ltr'><strong>Lis</strong></span> <span class='ocrx_word' id='word_1_194' title='bbox 601 3308 664 3360; x_wconf 88' lang='lat' dir='ltr'><strong>erat</strong></span> <span class='ocrx_word' id='word_1_195' title='bbox 685 3309 787 3360; x_wconf 80' lang='lat' dir='ltr'><strong>exorta</strong></span> <span class='ocrx_word' id='word_1_196' title='bbox 809 3301 883 3360; x_wconf 89' lang='lat' dir='ltr'><strong>inter</strong></span> <span class='ocrx_word' id='word_1_197' title='bbox 898 3308 1010 3380; x_wconf 88' lang='lat' dir='ltr'><strong>-patrem</strong></span> <span class='ocrx_word' id='word_1_198' title='bbox 1031 3299 1174 3382; x_wconf 85' lang='lat' dir='ltr'><strong>liliumque</strong></span> <span class='ocrx_word' id='word_1_199' title='bbox 1196 3324 1289 3364; x_wconf 88' lang='lat' dir='ltr'><strong>eman·</strong></span> 
     </span>
     <span class='ocr_line' id='line_1_30' title="bbox 249 3385 1288 3470; baseline -0.001 -21"><span class='ocrx_word' id='word_1_200' title='bbox 249 3388 372 3470; x_wconf 87' lang='lat' dir='ltr'><strong>oipatum</strong></span> <span class='ocrx_word' id='word_1_201' title='bbox 393 3389 428 3447; x_wconf 85' lang='lat' dir='ltr'><strong>‹le</strong></span> <span class='ocrx_word' id='word_1_202' title='bbox 449 3387 556 3466; x_wconf 88' lang='lat' dir='ltr'><strong>puella,</strong></span> <span class='ocrx_word' id='word_1_203' title='bbox 585 3405 666 3466; x_wconf 84' lang='lat' dir='ltr'><strong>quam</strong></span> <span class='ocrx_word' id='word_1_204' title='bbox 687 3385 762 3446; x_wconf 90' lang='lat' dir='ltr'><strong>lilius</strong></span> <span class='ocrx_word' id='word_1_205' title='bbox 783 3385 811 3444; x_wconf 94' lang='lat' dir='ltr'><strong>in</strong></span> <span class='ocrx_word' id='word_1_206' title='bbox 834 3386 1038 3445; x_wconf 86' lang='lat' dir='ltr'><strong>matrimonium</strong></span> <span class='ocrx_word' id='word_1_207' title='bbox 1058 3386 1184 3448; x_wconf 87' lang='lat' dir='ltr'><strong>duceret.</strong></span> <span class='ocrx_word' id='word_1_208' title='bbox 1227 3390 1288 3448; x_wconf 86' lang='lat' dir='ltr'><strong>Eue</strong></span> 
     </span>
     <span class='ocr_line' id='line_1_31' title="bbox 249 3471 1289 3555; baseline 0 -21"><span class='ocrx_word' id='word_1_209' title='bbox 249 3476 394 3555; x_wconf 87' lang='lat' dir='ltr'><strong>pertinent</strong></span> <span class='ocrx_word' id='word_1_210' title='bbox 414 3471 597 3538; x_wconf 73' lang='lat' dir='ltr'><strong>(luinotiliani</strong></span> <span class='ocrx_word' id='word_1_211' title='bbox 617 3471 705 3532; x_wconf 88' lang='lat' dir='ltr'><strong>verba</strong></span> <span class='ocrx_word' id='word_1_212' title='bbox 725 3471 862 3532; x_wconf 88' lang='lat' dir='ltr'><strong>institutt.</strong></span> <span class='ocrx_word' id='word_1_213' title='bbox 885 3477 957 3530; x_wconf 84' lang='lat' dir='ltr'><strong>orat</strong></span> <span class='ocrx_word' id='word_1_214' title='bbox 978 3471 1030 3530; x_wconf 90' lang='lat' dir='ltr'><strong>Xl.</strong></span> <span class='ocrx_word' id='word_1_215' title='bbox 1054 3480 1082 3532; x_wconf 93' lang='lat'><strong>1.</strong></span> <span class='ocrx_word' id='word_1_216' title='bbox 1099 3478 1156 3535; x_wconf 80' lang='lat'><strong>65:</strong></span> <span class='ocrx_word' id='word_1_217' title='bbox 1186 3475 1289 3547; x_wconf 89' lang='lat' dir='ltr'><strong>„luter</strong></span> 
     </span>
     <span class='ocr_line' id='line_1_32' title="bbox 249 3553 1289 3641; baseline 0 -23"><span class='ocrx_word' id='word_1_218' title='bbox 249 3565 345 3639; x_wconf 90' lang='lat' dir='ltr'><strong>patres</strong></span> <span class='ocrx_word' id='word_1_219' title='bbox 366 3556 451 3616; x_wconf 88' lang='lat' dir='ltr'><strong>etiam</strong></span> <span class='ocrx_word' id='word_1_220' title='bbox 470 3553 614 3633; x_wconf 86' lang='lat' dir='ltr'><strong>filiosque,</strong></span> <span class='ocrx_word' id='word_1_221' title='bbox 641 3575 725 3634; x_wconf 87' lang='lat' dir='ltr'><strong>quum</strong></span> <span class='ocrx_word' id='word_1_222' title='bbox 745 3555 946 3617; x_wconf 87' lang='lat' dir='ltr'><strong>intervenisset</strong></span> <span class='ocrx_word' id='word_1_223' title='bbox 966 3557 1166 3636; x_wconf 87' lang='lat' dir='ltr'><strong>emancipatio,</strong></span> <span class='ocrx_word' id='word_1_224' title='bbox 1194 3559 1289 3641; x_wconf 88' lang='lat' dir='ltr'><strong>litiga-</strong></span> 
     </span>
     <span class='ocr_line' id='line_1_33' title="bbox 249 3640 1290 3720; baseline 0 -18"><span class='ocrx_word' id='word_1_225' title='bbox 249 3649 308 3702; x_wconf 90' lang='lat' dir='ltr'><strong>tum</strong></span> <span class='ocrx_word' id='word_1_226' title='bbox 335 3641 431 3701; x_wconf 87' lang='lat' dir='ltr'><strong>scio.“</strong></span> <span class='ocrx_word' id='word_1_227' title='bbox 481 3640 527 3699; x_wconf 79' lang='lat' dir='ltr'><strong>Ad</strong></span> <span class='ocrx_word' id='word_1_228' title='bbox 553 3659 635 3719; x_wconf 86' lang='lat' dir='ltr'><strong>quem</strong></span> <span class='ocrx_word' id='word_1_229' title='bbox 661 3642 752 3700; x_wconf 92' lang='lat' dir='ltr'><strong>locum</strong></span> <span class='ocrx_word' id='word_1_230' title='bbox 783 3641 951 3720; x_wconf 86' lang='lat' dir='ltr'><strong>interpretes</strong></span> <span class='ocrx_word' id='word_1_231' title='bbox 983 3642 1153 3704; x_wconf 89' lang='lat' dir='ltr'><strong>mentionem</strong></span> <span class='ocrx_word' id='word_1_232' title='bbox 1182 3641 1290 3704; x_wconf 79' lang='lat' dir='ltr'><strong>iaciunt</strong></span> 
     </span>
     <span class='ocr_line' id='line_1_34' title="bbox 249 3725 1289 3812; baseline 0.002 -26"><span class='ocrx_word' id='word_1_233' title='bbox 249 3725 361 3787; x_wconf 72' lang='lat' dir='ltr'><strong>abonii</strong></span> <span class='ocrx_word' id='word_1_234' title='bbox 388 3745 499 3798; x_wconf 89' lang='lat' dir='ltr'><strong>eorum,</strong></span> <span class='ocrx_word' id='word_1_235' title='bbox 533 3743 605 3803; x_wconf 89' lang='lat' dir='ltr'><strong>quae</strong></span> <span class='ocrx_word' id='word_1_236' title='bbox 632 3725 721 3804; x_wconf 89' lang='lat' dir='ltr'><strong>primo</strong></span> <span class='ocrx_word' id='word_1_237' title='bbox 749 3726 812 3785; x_wconf 88' lang='lat' dir='ltr'><strong>loco</strong></span> <span class='ocrx_word' id='word_1_238' title='bbox 841 3725 993 3804; x_wconf 85' lang='lat' dir='ltr'><strong>posuimus.</strong></span> <span class='ocrx_word' id='word_1_239' title='bbox 1042 3726 1075 3784; x_wconf 92' lang='lat' dir='ltr'><strong>ln</strong></span> <span class='ocrx_word' id='word_1_240' title='bbox 1096 3727 1181 3788; x_wconf 83' lang='lat' dir='ltr'><strong>simili</strong></span> <span class='ocrx_word' id='word_1_241' title='bbox 1200 3728 1289 3812; x_wconf 88' lang='lat' dir='ltr'><strong>igitur</strong></span> 
     </span>
     <span class='ocr_line' id='line_1_35' title="bbox 251 3808 1289 3894; baseline 0.001 -21"><span class='ocrx_word' id='word_1_242' title='bbox 251 3817 419 3894; x_wconf 88' lang='lat' dir='ltr'><strong>argumento</strong></span> <span class='ocrx_word' id='word_1_243' title='bbox 441 3815 555 3871; x_wconf 88' lang='lat' dir='ltr'><strong>versata</strong></span> <span class='ocrx_word' id='word_1_244' title='bbox 581 3808 692 3870; x_wconf 85' lang='lat' dir='ltr'><strong>videtur</strong></span> <span class='ocrx_word' id='word_1_245' title='bbox 712 3811 783 3870; x_wconf 91' lang='lat' dir='ltr'><strong>baec</strong></span> <span class='ocrx_word' id='word_1_246' title='bbox 809 3817 926 3891; x_wconf 92' lang='lat' dir='ltr'><strong>togata,</strong></span> <span class='ocrx_word' id='word_1_247' title='bbox 955 3830 989 3871; x_wconf 90' lang='lat' dir='ltr'><strong>ao</strong></span> <span class='ocrx_word' id='word_1_248' title='bbox 1015 3811 1165 3873; x_wconf 83' lang='lat' dir='ltr'><strong>Menandri</strong></span> <span class='ocrx_word' id='word_1_249' title='bbox 1190 3813 1289 3894; x_wconf 79' lang='grc' dir='ltr'><strong><em>Πρα-</em></strong></span> 
     </span>
     <span class='ocr_line' id='line_1_36' title="bbox 251 3893 1288 4042; baseline 0.001 -83"><span class='ocrx_word' id='word_1_250' title='bbox 251 3896 428 4042; x_wconf 54' lang='grc' dir='ltr'><strong>εγιὲαλῶν,</strong></span> <span class='ocrx_word' id='word_1_251' title='bbox 455 3893 530 3955; x_wconf 84' lang='lat' dir='ltr'><strong>unda</strong></span> <span class='ocrx_word' id='word_1_252' title='bbox 552 3894 696 3956; x_wconf 88' lang='lat' dir='ltr'><strong>Stobaeus</strong></span> <span class='ocrx_word' id='word_1_253' title='bbox 717 3895 818 3976; x_wconf 90' lang='lat' dir='ltr'><strong>Eclog.</strong></span> <span class='ocrx_word' id='word_1_254' title='bbox 840 3895 970 3958; x_wconf 71' lang='lat' dir='ltr'><strong>Tiasa.</strong></span> <span class='ocrx_word' id='word_1_255' title='bbox 992 3903 1012 3959; x_wconf 88' lang='grc'>8</span> <span class='ocrx_word' id='word_1_256' title='bbox 1039 3897 1084 3956; x_wconf 83' lang='lat' dir='ltr'><strong>ed.</strong></span> <span class='ocrx_word' id='word_1_257' title='bbox 1107 3897 1198 3960; x_wconf 78' lang='lat' dir='ltr'><strong>Gaias.</strong></span> <span class='ocrx_word' id='word_1_258' title='bbox 1220 3900 1288 3960; x_wconf 83' lang='lat' dir='ltr'><strong>baec</strong></span> 
     </span>
     <span class='ocr_line' id='line_1_37' title="bbox 248 3983 1080 4168; baseline -0.002 -40"><span class='ocrx_word' id='word_1_259' title='bbox 248 3983 397 4145; x_wconf 49' lang='lat' dir='ltr'><strong>&#39;affilas</strong></span> <span class='ocrx_word' id='word_1_260' title='bbox 417 4058 453 4126; x_wconf 77' lang='grc' dir='ltr'><strong>τὸ</strong></span> <span class='ocrx_word' id='word_1_261' title='bbox 472 4059 616 4168; x_wconf 55' lang='grc' dir='ltr'><strong>γενέσθαι</strong></span> <span class='ocrx_word' id='word_1_262' title='bbox 636 4059 754 4147; x_wconf 64' lang='grc' dir='ltr'><strong><em>πατέρα</em></strong></span> <span class='ocrx_word' id='word_1_263' title='bbox 775 4060 893 4126; x_wconf 75' lang='grc' dir='ltr'><strong><em>παίδων</em></strong></span> <span class='ocrx_word' id='word_1_264' title='bbox 912 4051 950 4144; x_wconf 76' lang='grc' dir='ltr'><strong>ἦν</strong></span> <span class='ocrx_word' id='word_1_265' title='bbox 971 4055 1080 4126; x_wconf 82' lang='grc' dir='ltr'><strong><em>κακόν·</em></strong></span> 
     </span>
    </p>

    <p class='ocr_par' dir='ltr' id='par_1_13' title="bbox 292 4143 1121 4232">
     <span class='ocr_line' id='line_1_38' title="bbox 292 4143 1121 4232; baseline -0.002 -18"><span class='ocrx_word' id='word_1_266' title='bbox 292 4144 405 4230; x_wconf 73' lang='lat' dir='ltr'><strong>Arion,</strong></span> <span class='ocrx_word' id='word_1_267' title='bbox 436 4150 550 4232; x_wconf 75' lang='grc' dir='ltr'><em>φοβος,</em></span> <span class='ocrx_word' id='word_1_268' title='bbox 578 4147 717 4231; x_wconf 78' lang='grc' dir='ltr'><strong><em>φροντίς,</em></strong></span> <span class='ocrx_word' id='word_1_269' title='bbox 745 4143 839 4231; x_wconf 76' lang='grc' dir='ltr'><strong><em>πέρας</em></strong></span> <span class='ocrx_word' id='word_1_270' title='bbox 860 4147 940 4211; x_wconf 74' lang='grc' dir='ltr'><em>ἐστὶν</em></span> <span class='ocrx_word' id='word_1_271' title='bbox 961 4145 1033 4211; x_wconf 67' lang='grc' dir='ltr'><strong>οὐδὲ</strong></span> <span class='ocrx_word' id='word_1_272' title='bbox 1054 4145 1121 4212; x_wconf 59' lang='lat' dir='ltr'><strong>t&#39;vf‘</strong></span> 
     </span>
    </p>
   </div>
   <div class='ocr_carea' id='block_1_13' title="bbox 0 0 1474 4837">
    <p class='ocr_par' dir='ltr' id='par_1_14' title="bbox 0 0 1474 4837">
     <span class='ocr_line' id='line_1_39' title="bbox 0 0 1474 4837; baseline 0 0"><span class='ocrx_word' id='word_1_273' title='bbox 0 0 1474 4837; x_wconf 95' lang='lat' dir='ltr'><strong> </strong></span> 
     </span>
    </p>
   </div>
  </div>
 </body>
</html>
