2938 4848
327 1175 407 1251 DE
444 1173 692 1252 FABULA
729 1169 1001 1251 TOGATA.
1040 1267 1050 1306 ⁹

247 1426 382 1566 Quae
413 1464 611 1558 qualesque
641 1461 777 1535 fuerint
804 1459 1053 1542 Romanorum
1084 1465 1188 1537 fabu-

141 1569 203 1639 lae
229 1568 440 1654 scaenicae,
473 1574 514 1636 ut
532 1565 705 1638 historiae
729 1565 928 1641 litterariae
951 1567 1071 1659 gratia
1095 1568 1189 1642 scire

142 1671 298 1740 multum
329 1669 499 1756 interest,
538 1669 593 1738 sic
625 1689 771 1758 operam
794 1668 924 1743 ludere
950 1689 1024 1740 non
1050 1670 1188 1742 videat-

142 1778 222 1858 tur,
257 1771 288 1841 si
315 1771 394 1864 quis
420 1770 517 1840 vires
542 1791 629 1840 suas
654 1770 691 1838 in
716 1769 809 1840 hanc
834 1792 911 1842 rem
936 1770 1188 1844 illustrandam

142 1873 318 1943 intendet.
356 1869 465 1942 'Nam
498 1873 874 1964 praeterquamquod
905 1873 1020 1942 multa
1044 1875 1186 1946 labala·

141 1998 247 2060 rum,
277 1974 316 2043 in
339 1971 587 2044 Romanorum
614 1995 747 2044 scaena
772 1973 1017 2061 actitaturum,
1050 1998 1187 2066 genera

143 2085 490 2162 commemorantur,
517 2097 716 2166 paucorum
741 2095 830 2147 vero
855 2082 993 2145 tantum
1019 2080 1188 2169 exemplo

143 2178 289 2270 integra
313 2177 419 2248 nobis
444 2184 591 2247 servata
615 2185 715 2262 sunt,
750 2177 848 2268 quod
872 2188 1037 2248 veterum
1064 2201 1187 2269 opera,

144 2281 341 2366 derebus,
368 2280 415 2348 ad
437 2300 605 2349 scaenam
626 2278 896 2368 pertinentibus,
922 2279 1073 2369 scripta,
1100 2303 1187 2372 quo-

143 2403 229 2453 rum
252 2404 327 2452 non
351 2403 487 2472 parvus
513 2389 591 2452 erat
614 2380 857 2473 numerus1),
898 2380 1020 2452 omnia
1044 2391 1190 2473 praeter

141 2484 269 2554 titulos
295 2490 332 2552 et
355 2503 492 2574 paucas
523 2483 692 2574 reliquias
725 2483 954 2569 interierunt,
996 2484 1104 2556 etiarn
1130 2507 1186 2556 re·

143 2585 344 2670 centiores,
384 2584 469 2668 licat
493 2605 566 2654 nou
592 2584 789 2671 defuerint,
823 2585 902 2676 qui,
939 2585 1002 2656 ubl
1028 2587 1106 2658 eius
1132 2587 1187 2658 rei

144 2685 291 2756 occasio
317 2687 574 2777 praebebatur,
613 2686 757 2756 illarum
781 2687 987 2758 fabularum
1020 2697 1187 2760 naturam

145 2787 584 2879 attingerent,=xnonnulli
616 2789 709 2858 adeo
735 2789 782 2857 de
814 2787 965 2881 singulis
991 2791 1187 2880 generibus

144 2887 350 2981 singulares
375 2889 537 2974 libellos,
574 2889 703 2980 quibus
728 2891 895 2980 proiecto
926 2890 981 2959 rei
1012 2893 1185 2982 cognitio·

144 3012 228 3060 nem
252 2990 351 3060 haud
375 2991 605 3060 mediocriter
631 2991 817 3078 iurarunt,
855 2993 1074 3082 compositos
1100 2995 1183 3066 ede·

144 3099 243 3178 rent,
284 3099 404 3162 tamen
436 3115 509 3162 non
535 3113 654 3184 pauca
678 3101 740 3162 out
765 3115 914 3184 prorsus
941 3095 1095 3164 obscura
1122 3104 1184 3166 aut

145 3193 351 3285 diligentius
382 3195 623 3264 examinanda
660 3196 892 3287 reliquerunt.
960 3191 1185 3266 Obscuriora

143 3293 317 3385 imprimis
342 3304 444 3382 sunt,
484 3317 577 3388 quae
602 3296 781 3387 pertinent
815 3297 861 3366 od
886 3295 1063 3370 fabulam,
1082 3301 1184 3388 toga·

145 3401 228 3466 tam.
289 3395 347 3466 De
384 3419 455 3488 qua
488 3398 675 3488 'scripturis
706 3399 810 3470 nobis
850 3398 1046 3489 praecipue
1080 3406 1185 3470 erunt

146 3519 289 3584 omnes,
328 3499 531 3590 quicunque
557 3506 719 3586 exstant,
752 3500 1068 3594 grammaticorum
1094 3499 1183 3572 alio·

143 3619 294 3691 rumque
326 3608 490 3671 veterum
521 3602 754 3692 scriptorum,
794 3622 947 3695 quorum
979 3602 1184 3675 testimonia

145 3701 190 3770 ad
215 3700 311 3771 hanc
333 3725 411 3772 rem
435 3703 633 3793 pertinent,
663 3705 738 3774 loci
757 3705 952 3797 'diligenter
977 3703 1183 3796 colligendi,

143 3801 237 3874 inter
252 3825 293 3873 se
309 3805 553 3896 comparandi,
581 3807 806 3894 emendandi,
828 3805 1043 3897 explicandi
1084 3805 1181 3895 Qua,

145 3903 228 3995 quia
250 3905 458 3995 paucissimi
484 3929 610 3978 corum
630 3908 681 3978 ita
703 3914 786 3979 suut
808 3907 1024 4000 comparati,
1050 3913 1093 3978 ut
1110 3907 1182 3978 sin·

230 4119 263 4203 1)
293 4123 375 4183 Vidd.
397 4073 577 4206 Bulanqerus
598 4124 635 4184 dc
655 4125 787 4186 Theatra
811 4126 834 4187 Ι.
857 4129 903 4202 5.;
937 4127 973 4188 Α.
996 4126 1031 4186 G.
1052 4121 1184 4206 nagia

142 4203 250 4267 Vindia.
273 4214 350 4290 trag.
372 4209 457 4270 Rom.
478 4231 507 4290 p.
520 4218 549 4272 3.

839 4309 882 4375 ,0
