2938 4848
261 375 314 452 lc

263 552 362 624 loco:
391 547 688 641 „0rclrestra,
714 552 817 623 locus
842 552 881 622 in
905 571 1058 650 scaena,
1083 573 1153 645 quo
1181 558 1307 641 antea,

263 654 326 748 qui
349 675 444 725 nunc
463 653 672 745 planipedes
698 654 941 745 appellantur,
968 675 1042 723 non
1067 653 1307 726 admitteban-

264 763 322 828 tm·
345 755 556 844 histriones,
587 756 667 828 nisi
690 762 829 830 tantum
861 755 1005 826 interim
1037 756 1123 829 dum
1153 756 1308 829 fabulae

263 857 561 950 explicarentur,
587 878 681 950 quae
706 857 785 930 siue
809 856 898 949 ipsis
932 857 1107 949 explicari
1139 879 1212 928 non
1236 879 1307 950 po·

262 963 425 1032 terant.“
473 956 601 1028 Sullae
633 964 754 1031 autem
780 959 951 1030 extremis
976 960 1056 1030 ferc
1080 959 1309 1051 temporibus

205 1079 208 1084 ’
262 1059 473 1153 planipedes
497 1059 551 1130 illi
574 1082 598 1130 a
624 1060 811 1133 comoedia
836 1082 878 1131 se
902 1057 1155 1158 segregarem)
1180 1083 1225 1133 ac
1245 1082 1308 1132 se·

262 1162 416 1254 paratim
454 1181 540 1232 suus
578 1162 723 1233 fabulas
763 1183 873 1255 agene
912 1170 1121 1254 coeperunt.
1178 1161 1307 1254 Argu-

262 1270 385 1335 menta
407 1262 537 1334 harum
561 1265 784 1351 fabularum,
819 1264 951 1357 quippe
977 1285 1071 1356 quae
1096 1271 1308 1357 togatarum

262 1373 385 1459 partes
409 1371 600 1457 separatae
624 1372 763 1453 essent,
796 1387 844 1436 ex
866 1363 1115 1436 Romanorum
1139 1367 1216 1436 vita
1239 1387 1306 1456 pc·

244 1467 441 1540 'tenantur
493 1465 617 1543 Quum
647 1461 737 1538 vero
770 1466 925 1538 civitatis
950 1468 1149 1559 principes,
1188 1473 1231 1536 ut
1254 1465 1304 1538 L.

263 1568 370 1640 Sulla
394 1591 437 1638 ac
461 1569 584 1659 paullo
608 1575 799 1659 postcom
823 1555 946 1640 Julius
972 1567 1131 1656 Caesar,
1166 1567 1306 1639 talibus

263 1673 370 1763 nugis
393 1670 553 1740 maxime
576 1671 857 1757 delectarentur,
896 1692 969 1741 non
995 1671 1206 1758 defuerunt,
1239 1669 1306 1762 qui

263 1773 301 1845 in
332 1773 378 1842 iis
413 1771 612 1843 scribendis
646 1772 883 1859 excellerent,
922 1795 991 1843 nec
1015 1773 1089 1842 iam
1113 1771 1305 1843 Romanos

264 1880 402 1946 tantum
426 1895 564 1959 mores,
591 1874 676 1960 sed,
701 1877 915 1944 varietatem
940 1880 1120 1944 sectantes
1139 1875 1304 1944 fabulas·

263 1997 333 2070 que
357 1974 525 2067 palliatas
550 1975 801 2065 respicientes,
835 1971 1001 2047 Graecos
1026 1997 1168 2068 quoqne
1193 1973 1306 2045 simili

262 2077 372 2149 modo
396 2083 721 2168 repraesentarent.
753 2076 836 2147 Iam
855 2077 925 2147 hae
940 2071 1079 2148 Graeci
1097 2075 1304 2169 argumenti

262 2179 409 2252 tabulae
435 2178 551 2266 mimi,
576 2179 672 2270 qnod
691 2201 821 2249 nomen
841 2179 937 2250 ultro
953 2199 994 2249 se
1020 2178 1210 2265 offerebat,
1237 2164 1302 2270 'ap-

263 2282 508 2373 pellabuntnr3
547 2302 615 2350 nec
648 2281 766 2351 minus
798 2282 879 2356 ittae
910 2279 1069 2351 Romani
1099 2278 1304 2373 argumenti

263 2383 427 2467 fabulas,
466 2403 560 2474 quae
586 2389 622 2452 et
647 2383 748 2472 ipsae
772 2405 814 2452 re
837 2405 928 2453 vera
952 2382 1052 2452 mimi
1077 2389 1201 2469 crant,
1241 2403 1303 2452 eo·

264 2487 348 2556 dem
369 2479 515 2555 Gracco
540 2483 704 2570 nomine,
730 2505 841 2576 quum
863 2484 1076 2575 praesertim
1102 2484 1202 2554 aliud
1225 2484 1302 2555 for·

263 2594 362 2658 tasse
377 2585 546 2674 ‚nondum
569 2584 754 2656 inventum
780 2591 894 2672 esset,
931 2607 1067 2655 vocare
1092 2576 1300 2676 coeperunt

263 2685 459 2779 Quumque
489 2685 620 2756 mimus
652 2694 688 2756 et
711 2686 873 2757 fabulam
907 2693 943 2756 et
967 2693 1127 2756 actorem
1144 2687 1301 2780 ,fabulae

263 2787 498 2882 significaret,
537 2787 638 2878 ipsos
663 2788 771 2858 etiam
795 2788 1006 2879 planipedes
1030 2789 1160 2859 mimos
1186 2787 1301 2858 nomi·

263 2913 351 2963 nare
375 2912 449 2960 non
474 2890 695 2961 dubitabant.
746 2887 896 2981 Duplex
921 2895 1041 2960 autem
1066 2890 1166 2960 mimi
1190 2888 1301 2982 signi·

262 2991 386 3088 ficatio
409 2991 567 3062 movisse
592 2993 736 3062 videtur
755 2990 989 3079 Diomedem,
1022 3003 1063 3061 ut
1087 2992 1166 3082 pari
1190 2992 1300 3061 modo

263 3093 463 3187 planipedis
484 3092 780 3184 significationem
802 3093 979 3164 dilataret.
1029 3090 1126 3164 Nam
1147 3114 1230 3164 eum
1244 3094 1300 3162 fa·

262 3197 387 3268 bolam
418 3215 561 3288 quoqne
594 3196 722 3266 eodem
753 3195 954 3287 planipedis
991 3196 1137 3266 nomine
1178 3194 1300 3285 appel·

261 3300 379 3386 lasse,
414 3297 647 3368 manifestum
678 3302 734 3368 cst
765 3319 815 3368 cx
845 3295 902 3368 his
933 3297 1040 3368 locis:
1081 3294 1304 3384 „poemate

263 3399 452 3474 dramatici
476 3398 537 3470 vel
556 3399 666 3470 activi
685 3420 822 3492 genero
846 3406 930 3470 sunt
949 3405 1121 3493 quatuor:
1139 3397 1302 3489 -apud

261 3500 450 3573 Romanos
489 3507 803 3592 praetextata,
850 3501 1135 3587 tabernaria,
1176 3498 1299 3569 Atel·

262 3602 386 3688 lanu,
412 3600 675 3693 planipcs;“
701 3599 812 3699 ct⁴1):
840 3600 1079 3688 „Latinarum
1094 3600 1300 3673 fabularum

262 3705 402 3796 species
428 3708 483 3775 tot
504 3703 585 3785 fere
610 3708 713 3791 sunt,
745 3709 833 3796 quot
856 3709 894 3774 et
915 3704 1154 3796 palliatarum.
1204 3700 1301 3774 Nam

261 3806 378 3899 primo
401 3805 543 3897 species
575 3812 630 3886 est
661 3811 883 3898 togatarum,
923 3827 1018 3898 quae
1050 3809 1300 3897 praetextatae

342 4019 398 4103 40)
422 4019 466 4082 Cf.
484 4020 637 4081 Diomedes
657 4021 706 4082 lll.
728 4044 756 4102 p.
768 4029 830 4084 498
845 4042 889 4101 ap.
903 4022 1036 4098 Puteola,
1058 4022 1107 4083 ubi
1128 4041 1167 4083 cx
1187 4020 1301 4103 vulgari

257 4107 390 4190 loquendi
410 4126 464 4167 usu
484 4106 560 4166 mimi
580 4125 632 4186 pro
654 4106 847 4187 planipedibnr
868 4106 988 4186 aliisquo
1008 4107 1070 4168 eins
1083 4107 1201 4190 generis
1222 4111 1301 4166 acto·

257 4197 335 4259 ribus
355 4198 508 4275 ponuntur.
528 4225 571 4237 -
600 4188 655 4270 41)
678 4191 728 4252 lll.
748 4214 777 4273 p.
790 4199 852 4254 487
873 4212 919 4272 op.
940 4192 1059 4254 Pura.
