2938 4848
1147 379 1207 459 ta

156 556 366 650 aequalem,
404 555 521 648 ipsum
547 563 621 628 tam
648 577 773 628 orasso
798 555 911 626 modo
938 575 1081 626 errasse
1107 551 1207 630 houd

139 660 394 746 ¹arediderior,
431 665 495 729 aut
527 661 641 730 verba
672 663 875 750 togatas,
913 679 938 727 a
972 656 1205 732 soaenieis

161 769 298 854 etqua
338 757 858 852 argumentivaatiuir,
899 765 962 830 aut
1000 760 1207 830 taberna·

158 864 273 949 rius,
310 863 363 933 ab
389 861 652 934 humilitate·
678 861 936 954 argumenti
963 867 1006 930 et
1031 861 1133 933 stili
1159 863 1206 934 ab

159 966 280 1036 aliena
323 986 434 1036 manu
475 965 640 1056 proferte
682 984 764 1034 esse
807 962 987 1034 existimo.
1045 959 1207 1034 Difficile

153 1073 282 1148 ,autem
315 1066 412 1138 diotu
445 1073 518 1150 est,
559 1071 642 1136 utra
673 1062 804 1135 horum
836 1065 1033 1135 verborum
1068 1085 1207 1161 expuu-

159 1169 281 1262 genda
304 1165 387 1240 siut.
432 1165 602 1258 Togatae
627 1187 755 1258 parum
781 1164 1206 1256 aoourate'definiuntur,

160 1269 329 1362 quoniam
354 1291 428 1339 uon
454 1291 580 1340 earum
606 1274 743 1339 tautum
769 1274 983 1360 argumenta
1008 1275 1113 1340 eraut
1132 1265 1207 1338 La·

160 1371 252 1459 tinu3
278 1371 567 1442 tabernariarum
589 1369 748 1440 definitio
776 1379 857 1440 orta
881 1369 1026 1441 videtur
1052 1391 1105 1440 ex.
1126 1370 1207 1461 ipso

158 1472 325 1558 nomine,
365 1495 455 1564 quo,
495 1493 605 1562 quum
645 1493 769 1541 rerem
808 1474 983 1542 tabernae
1020 1471 1207 1544 notionem

158 1596 233 1644 uon
265 1580 420 1659 teneret,
445 1575 612 1664 ⁴scriptor
643 1574 818 1662 deceptus
849 1574 908 1644 sit.
959 1570 1205 1646 verisimilius

158 1681 282 1746 tamen
307 1685 381 1762 est,
407 1697 518 1766 quum
542 1684 748 1768 togatarum
771 1673 930 1744 definitio
951 1681 1089 1747 tautum
1115 1675 1206 1746 indi·

157 1776 345 1870 ligantium
367 1786 515 1869 arguat,
542 1777 829 1848 tabernariarum
846 1798 937 1847 vero
952 1777 1205 1867 ignorantiam,

158 1879 274 1949 verba
298 1885 504 1970 togatas,
532 1901 555 1948 a
579 1877 811 1950 scaenicis
838 1875 1121 1973 (sanatoribus)
1144 1883 1204 1949 at·

158 2001 243 2072 que
270 1980 552 2073 argumentis
574 1979 757 2051 Latinis
784 1980 897 2070 ipsios
912 1977 1087 2050 Euanthii
1108 2001 1202 2052 esse.

159 2079 236 2152 Sed
259 2081 298 2151 id
320 2083 466 2174 quidem
490 2083 721 2154 manifestum
748 2087 822 2167 est,
848 2103 923 2151 uon
948 2081 1100 2152 murltum
1118 2079 1206 2154 huie

157 2182 242 2254 loeo
273 2181 503 2257 tribuendum
535 2207 629 2255 esse.
686 2180 857 2255 Donatus
882 2181 1004 2273 priore
1028 2182 1205 2271 locorum,

159 2305 253 2377 quos
284 2287 393 2356 modo
426 2285 632 2377 posuimus,
671 2284 803 2356 multas
835 2283 960 2354 dieens
992 2283 1206 2356 oomoediue

160 2407 243 2456 esso
281 2387 440 2477 speeies,
493 2396 633 2479 septem
672 2394 880 2473 enumerat3
934 2385 1058 2476 paullo
1108 2393 1204 2476 post,

158 2485 404 2579 quemlooum
426 2489 736 2580 anteposuimus,
764 2496 907 2575 noent,
934 2486 1206 2575 oomoediarum

157 2588 298 2660 formas
331 2611 414 2660 esse
447 2599 539 2662 tres:
573 2590 762 2682 palliatas,
795 2597 958 2682 togatas,
992 2611 1084 2684 quas
1115 2612 1205 2661 uon·

158 2690 251 2760 nulli
286 2693 512 2762 tabernarias
543 2700 693 2779 vocent,
726 2692 937 2780 Atellanas3
985 2700 1094 2784 atque
1133 2692 1207 2764 alia

160 2790 271 2864 etiam
303 2799 403 2882 spot,
446 2815 539 2884 quae
572 2795 738 2866 eiusdem
772 2793 930 2864 auctoris
946 2794 1130 2864 teruntur
1168 2794 1206 2864 in

160 2896 418 2965 commentario
451 2897 498 2966 ad
523 2894 690 2966 Terentii
722 2894 933 2988 Adelphos,
973 2894 1036 2966 abi
1068 2901 1205 2987 togata,

159 2995 370 3066 tabernaria
401 3005 469 3069 eto.
502 3019 576 3066 non
607 2999 818 3068 comoediae
850 2996 992 3088 speeies
1016 2997 1204 3085 dicuntur,

160 3096 227 3168 sed
252 3096 365 3168 iuxta*
382 3121 464 3168 eam
485 3107 677 3188 ponuntur.
729 3096 860 3170 Possis
883 3114 1003 3168 tamen
1022 3099 1124 3170 facili
1142 3121 1205 3170 na·
1317 3127 1318 3132 ¹

161 3198 281 3288 gotio,
308 3221 399 3291 quos
425 3209 627 3290 postremos
654 3224 675 3270 a
700 3197 849 3271 Donato
876 3200 1078 3286 attulimus,
1111 3201 1205 3271 duos

160 3299 244 3370 illos
268 3301 370 3372 loeas
394 3302 447 3371 ita
471 3302 681 3388 restituere,
708 3308 765 3389 ut,
798 3302 961 3395 quisquis
986 3322 1113 3370 eorum
1134 3301 1208 3372 'fuit

162 3409 306 3490 auotor,
349 3403 381 3473 is
407 3425 497 3474 vera
522 3404 716 3495 protulisse
740 3404 927 3490 videatur,
963 3402 996 3472 ei
1020 3401 1064 3472 iu'
1083 3402 1206 3494 prioro'

161 3524 288 3576 eorum
312 3504 503 3595 scripseris
537 3512 697 3597 togata
729 3506 803 3576 val
838 3503 1105 3575 tabernaria
1137 3507 1204 3597 pro

160 3610 337 3696 togata,
362 3615 442 3678 aut
467 3607 754 3694 tabernaria,
771 3613 807 3676 et
823 3606 970 3678 ulterius
985 3612 1124 3698 partem
1138 3627 1204 3698 po·

161 3707 349 3778 steriorem
390 3709 444 3779 sio
485 3708 598 3779 edas:
642 3709 905 3800 tragoedia,
949 3709 1200 3796 oomoedia',

160 3813 321 3900 togata
353 3811 641 3898 tabernaria,
682 3815 927 3900 praetexta
952 3809 1203 3901 crepidato,

159 3909 404 3998 Atellano,
445 3912 626 3997 mimus,
667 3909 993 3982 Rhinthoniou.
1066 3907 1201 3981 Prae·

160 4018 290 4086 texta
321 4014 581 4105 crepidato,
616 4013 653 4084 id
680 4021 754 4101 est,
787 4020 978 4104 praetexta
1002 4010 1203 4105 tragoedia,

159 4114 461 4206 quemadmodum
506 4115 730 4208 grammatici
776 4114 957 4186 interdum
997 4114 1229 4206 loquuntur..

937 4227 961 4293 4
1065 4247 1089 4254 ..
