2938 4848
182 359 187 368 ’
281 355 336 434 68

237 561 239 567 ·
272 531 414 632 ‘quinci
440 532 606 630 quantivis
621 539 805 632 ambiguo,
829 538 889 611 hic
910 537 1119 612 nominandi
1132 548 1217 614 snut
1236 542 1321 614 Ae·
1449 531 1450 538 ¹

283 631 1002 731 liusLararaamoniusltufus,
1027 641 1321 735 Pomponius.

201 772 203 776 ·
279 741 325 844 Lj.
349 740 594 834 Pomponium
624 743 895 814 Bononiensem
927 752 1071 838 togatas
1096 748 1322 818 tabernarias

280 844 477 936 scripsisse
502 839 610 914 etiam
644 867 710 936 per
742 843 865 918 titulos
889 848 1095 918 fabularum
1120 849 1199 919 eins
1225 871 1321 920 com·
1449 839 1450 852 ¹

177 976 179 980 ¹
278 948 402 1046 plures
427 945 536 1018 facile
560 949 765 1023 concedere
788 948 891 1038 licet3
913 955 1012 1042 quod
1034 950 1131 1022 idem
1145 952 1191 1020 de
1206 953 1321 1022 altero
1449 1015 1450 1054 ἐ

274 1063 422 1142 'qnoque
436 1050 559 1118 valeat
570 1048 822 1120 Atellanarum
838 1051 1015 1142 scriptore
1031 1053 1142 1139 claro,
1158 1049 1193 1122 N
1200 1057 1319 1125 ovio.

246 1202 250 1208 a·
280 1149 323 1223 0.
343 1147 522 1221 :Melissos
553 1147 674 1221 autem
707 1164 747 1222 ut
777 1153 872 1222 inter
895 1161 1100 1246 togatarum
1125 1154 1321 1246 scriptores

280 1261 511 1324 enumeratus
541 1253 761 1344 reperiatur,
797 1257 980 1326 manentes
1000 1256 1085 1326 ¹eine
1110 1253 1209 1326 solas
1235 1258 1320 1328 etie-

279 1355 375 1426 oi'sse
405 1355 588 1444 putandas
614 1378 717 1442 esse,
750 1377 861 1447 supra
892 1358 1108 1430 monuimus.
1159 1355 1321 1432 Prorsus

179 1481 180 1486 ¹
276 1479 367 1527 vero
394 1479 453 1525 me
472 1457 678 1549 iugit,'¹qua
698 1459 912 1528 auctoritate
929 1459 1046 1529 nitens
1059 1456 1236 1530 Muukius
1250 1459 1318 1558 ²³⁰)

278 1557 464 1630 Trabeam
496 1566 533 1627 et
564 1557 774 1630 Dossenum.
814 1560 852 1630 in
883 1566 1089 1653 togatarum
1124 1561 1320 1654 scriptores

276 1658 474 1731 retulerit.⁴
502 1658 670 1753 Denique
694 1661 754 1732 hic
779 1664 1096 1734 commemorantia
1116 1669 1172 1733 est
1191 1665 1319 1734 incerti

280 1761 439 1831 auctoris
481 1761 715 1839 (lu'erulus
764 1763 843 1833 sive
887 1763 1161 1852 Aulularia,
1222 1787 1318 1859 quae

280 1861 416 1953 scripta
446 1863 590 1934 videtur
622 1887 703 1935 esse
735 1865 882 1936 ineunte
908 1866 1056 1936 saeculo
1080 1874 1208 1958 quarto
1233 1873 1319 1959 post
1449 1953 1450 1972 χ

277 1962 461 2036 Christum
485 1972 609 2035 natum
625 1964 705 2062 231).

270 2063 275 2114 ‘³
377 2065 634 2158 spectantibus
657 2069 762 2138 nobis
788 2068 861 2138 iam
887 2091 1013 2140 eorum
1036 2067 1225 2162 poiitarum
1250 2091 1318 2158 nu·

215 2137 216 2142 ¹
275 2189 426 2256 merum,
452 2172 513 2262 qni
536 2170 682 2241 fabulas
706 2171 874 2262 palliatas
894 2171 1125 2262 scripserunt,
1152 2177 1319 2263 apertum
1360 2183 1374 2194 “

276 2277 344 2358 est,
369 2290 558 2342 numerum
574 2267 717 2359 eorum,
742 2273 804 2365 qui
825 2278 969 2364 togatas
989 2274 1164 2360 fecerunt,
1192 2271 1317 2365 quam-

275 2373 334 2442 vis
358 2374 481 2464 plures
505 2374 620 2445 fuisse
645 2375 755 2444 statui
780 2375 912 2464 possit,
940 2397 1047 2466 quam
1073 2396 1226 2466 quorum
1251 2398 1317 2445 no·

276 2474 375 2544 mina
399 2476 550 2560 scimus,
591 2475 624 2544 si
649 2469 817 2546 cum'illo
843 2484 1090 2566 comparetur,
1128 2477 1317 2548 minimum

275 2575 409 2664 fuisse3
459 2583 626 2666 apparet,
672 2575 802 2667 poetas
841 2574 1028 2648 Romanos
1066 2577 1212 2648 facilins
1245 2580 1317 2650 sibi

276 2677 439 2763 duxisse,
467 2673 631 2748 Graecas
654 2677 818 2765 fabulas,
844 2679 972 2768 paneis
995 2680 1154 2766 mutatis,
1180 2678 1315 2751 Latine

274 2787 436 2866 vertere,
476 2800 585 2871 qnam
617 2799 766 2869 prorsus
797 2801 914 2850 noves
938 2780 1094 2873 fingere,
1128 2793 1191 2852 aut
1215 2789 1314 2852 certe

214 2951 221 2962 ,
274 2881 355 2951 illas
379 2881 442 2950 ita.
457 2879 673 2966 informare,
706 2887 748 2951 ut
772 2881 866 2951 inter
891 2903 954 2952 eas
981 2893 1018 2952 et
1042 2905 1170 2954 recens
1193 2883 1314 2955 factas

212 3041 214 3047 .
271 3003 345 3052 non
370 2982 520 3052 multum
546 2980 786 3053 similitudinis
810 2990 965 3053 restaret
977 2975 1056 3082 ²³²).

357 3197 433 3282 230)
451 3201 491 3260 oe
521 3201 659 3281 Pompon.
681 3199 806 3260 Bonos..
821 3221 848 3278 p.
865 3206 915 3262 27.
936 3233 980 3246 —
1014 3197 1089 3281 231)
1117 3201 1180 3260 vid.
1208 3201 1311 3260 Klinlr-

127 3293 128 3297 ’
272 3285 402 3344 lramerus
422 3285 563 3367 Prolegg.
585 3287 621 3345 ad
642 3287 714 3345 hane
735 3285 791 3345 iob.
808 3286 868 3344 Vll.
890 3311 933 3330 ·-·
962 3282 1038 3367 232)
1061 3285 1177 3346 Rectius
1199 3287 1236 3345 du
1253 3287 1311 3346 Bo-

273 3367 465 3448 sius'llellex.
493 3371 557 3430 erit.
586 3371 626 3430 Τ.
645 3371 668 3430 1.
688 3371 769 3429 XXl.
797 3370 958 3448 scripsisset
984 3369 1179 3449 plusieurs
1193 3391 1244 3451 pro
1266 3391 1309 3430 un

271 3455 385 3534 grand
417 3455 566 3534 nombre
597 3455 628 3514 in
662 3456 755 3526 bisce,
798 3473 870 3532 quae
903 3455 938 3513 rle
964 3455 1151 3534 praetextatis
1183 3455 1308 3534 profert:

271 3537 414 3617 „Quoiqu’
441 3535 461 3596 il
488 3559 524 3598 ne
551 3559 623 3598 nous
649 3540 708 3599 soit
733 3540 862 3598 domeure
883 3544 986 3618 qu’une
1006 3539 1156 3620 Tragedie
1177 3540 1213 3598 (le
1234 3545 1309 3598 cette

213 3661 217 3668 ·
271 3624 389 3700 espece,
410 3623 588 3684 l’Ootavie
616 3623 663 3702 qui
683 3644 766 3704 passe
788 3643 855 3682 sous
877 3625 904 3682 le
925 3644 989 3683 nom
1011 3623 1047 3682 (le
1068 3625 1214 3703 seneque,
1236 3643 1309 3682 nous

270 3707 393 3783 sperans
422 3708 587 3767 neenmoius
613 3728 667 3787 que
694 3710 736 3780 les
762 3707 899 3768 Romoins
926 3728 961 3768 en
997 3707 1111 3768 ancient
1142 3727 1181 3767 nn
1215 3707 1308 3788 grand

270 3791 416 3850 nombre.“
457 3793 578 3853 Praeter
604 3793 733 3853 Senecae
762 3793 908 3852 Octaviam
934 3792 1128 3872 fabulamque,
1164 3793 1199 3852 de
1224 3792 1308 3852 Balbi

270 3875 430 3954 quaestoris
450 3876 551 3938 itinere
577 3877 615 3937 od
635 3877 787 3938 Lentulum
809 3877 1005 3957 compositum,
1034 3897 1134 3938 novem
1160 3875 1223 3938 lere
1243 3882 1306 3938 tun·

218 3985 222 4007 ··
270 3967 328 4021 tum
348 3967 559 4042 praetextatum
579 3962 776 4044 inscriptiones
796 3961 880 4022 nobis
895 3962 1093 4024 nocuerunt

672 4177 902 4196 W
