2938 4848
245 327 321 430 m.

246 527 414 612 mmfirgao
426 528 536 591 Clusini
556 535 630 602 tres,
652 531 724 592 31333
743 538 831 594 secte
843 533 887 594 ‘ud
899 532 1020 596 ratm-
1038 533 1181 596 onumen
1193 539 1290 594 3333-

245 615 356 699 gressi3
384 615 448 696 qui,
478 615 562 676 editio
587 615 710 677 hostium
737 617 880 694 consiliis,
913 619 1020 679 dimissi
1046 639 1109 680 cum
1130 617 1228 692 donis,
1256 625 1294 679 ut

245 700 379 776 subinde,
406 708 439 762 ut
460 720 587 782 quaeque
608 721 655 760 res
676 722 752 764 nova
772 703 890 764 decreta
909 711 1000 777 esset,
1028 705 1205 784 exploratam
1226 723 1294 784 per·

245 785 390 848 ferrent.“
433 786 569 846 Summa
596 785 664 846 trbr
686 787 927 867 perduellium
949 796 1021 862 est
1048 788 1078 850 1d
1100 796 1161 862 est
1182 809 1293 850 333333

245 871 289 934 vis
316 871 474 930 lrostium
465 891 494 930 rn
522 871 588 933 tc'
578 892 704 930 invasum
732 873 824 946 venit3
862 873 1020 954 dictumque
1041 875 1095 934 lroc
1116 880 1200 974 pulo&
1208 873 1294 934 alteri

245 964 354 1017 tantum
376 957 500 1027 consuli,
531 957 578 1035 qui
599 956 672 1016 idem
694 977 779 1038 porro
801 958 970 1040 interroget.
1003 957 1160 1018 Summa
1187 951 1237 1018 ibi
1265 956 1293 1018 si

245 1043 359 1123 legeres
380 1061 441 1100 cum
462 1041 566 1101 llotlnio
588 1049 688 1100 contra
709 1042 843 1102 librorum
866 1043 1077 1115 auctoritatem,
1104 1064 1203 1124 parum
1224 1051 1295 1123 apta

247 1134 324 1188 esset
345 1125 551 1208 interrogatio:
575 1126 701 1206 quibus
723 1147 762 1187 se
783 1147 801 1186 a
822 1129 991 1208 partibus
1013 1128 1201 1211 gliscuntl
1234 1129 1293 1188 Ne-

248 1231 304 1291 que
335 1211 497 1272 nominatim
532 1212 586 1272 huc
622 1211 758 1271 traxerim
787 1212 875 1274 illud:
915 1215 1021 1286 Sunt,
1054 1213 1115 1293 qui
1143 1211 1294 1274 Umbros

246 1296 383 1370 luisse,
405 1317 474 1356 non
491 1296 634 1371 Gallos,
657 1297 819 1370 tradant,
848 1297 978 1379 quoniam
1000 1297 1133 1377 quaterni
1152 1295 1203 1368 illo
1222 1304 1295 1357 tem-

247 1403 318 1464 pore
339 1379 475 1442 Romanis
496 1379 612 1440 suerunt
633 1381 746 1458 hostes,
773 1383 933 1464 Samnites,
956 1383 1047 1456 Galli,
1067 1383 1202 1458 Etrusci,
1225 1379 1294 1448 Un-

246 1468 301 1544 lrri.
341 1467 406 1554 Vid.
428 1465 529 1530 Livius
550 1467 569 1526 l.
591 1465 610 1526 l.
685 1510 687 1514 .

274 1623 293 1640 ,.
391 1633 395 1640 ,
741 1584 792 1644 111,
881 1617 885 1627 .

332 1685 446 1746 uonnaw
464 1706 491 1766 p.
516 1691 579 1746 333
599 1685 643 1744 ιιι.
665 1685 770 1746 Menoe
797 1685 1084 1761 „Munstaoiuter
1104 1705 1158 1768 pro
1177 1677 1295 1746 nimmt-

247 1779 300 1833 ler.
343 1771 438 1831 Attius
459 1771 488 1830 iu
510 1769 668 1830 Aeneadis:

296 1885 348 1910 -·-
374 1853 792 1942 collaterationem,

297 1957 458 2032 Fremitd
484 1965 679 2050 peragrant
703 1955 986 2029 minitabiliter.“

248 2061 383 2122 Galleti
404 2080 491 2134 voce
515 2079 656 2118 canora.
700 2059 748 2118 Sic
770 2059 834 2119 libri
856 2080 921 2118 mss
945 2065 974 2118 et
995 2055 1205 2139 antiquissimae
1227 2055 1292 2120 edd
1385 2088 1390 2096 ι

247 2145 301 2208 Ed.
323 2147 389 2208 lun.
412 2144 553 2206 Galleci
578 2165 606 2206 v.
634 2163 661 2203 c.
709 2143 858 2204 Fruterius
882 2142 1032 2203 Verisimil.
1055 2143 1090 2204 ll.
1113 2150 1132 2205 5
1166 2143 1293 2204 scriben-

249 2231 314 2293 dum
344 2227 509 2312 proposuit,
545 2250 602 2288 non
631 2228 807 2308 improbante
839 2229 965 2302 Vossio,
995 2227 1160 2289 Gallanti
1192 2249 1291 2307 voce,

248 2335 400 2390 canoro,
434 2315 495 2396 ipse
522 2313 653 2374 dubitans
683 2315 718 2374 de
746 2308 874 2374 facinore
902 2334 964 2374 suo.
1006 2313 1122 2394 Lipsius
1143 2314 1293 2392 Antiquar.

249 2403 316 2462 lect.
338 2401 372 2460 V.
395 2407 434 2462 22
463 2399 589 2458 restituit
617 2399 752 2471 Gallei,
784 2400 859 2478 quod
889 2407 1058 2478 receperunt
1077 2399 1233 2458 Mercerius
1263 2405 1295 2459 et

248 2485 418 2548 Scriverius.
461 2484 597 2544 Delrio'
589 2504 618 2542 nn
640 2491 759 2542 mentem
786 2484 865 2544 venit
893 2483 1030 2544 Gallici
1058 2503 1146 2543 voce
1172 2502 1215 2554 3.,
1245 2485 1293 2544 vel

249 2570 374 2632 Galles
401 2569 435 2626 1ιί
463 2565 587 2628 devios
620 2588 769 2640 canoro,
802 2569 847 2629 vel
869 2569 974 2627 Gales
1002 2567 1037 2626 lri
1064 2574 1117 2628 etc.
1161 2565 1292 2644 Vossius,

249 2675 330 2736 quem
358 2653 485 2733 sequitur
511 2651 670 2730 Kordesius
702 2653 738 2712 ad
764 2652 944 2714 Eberhardtii
970 2653 1092 2718 libellum
1122 2651 1157 2712 de
1190 2653 1292 2712 artium

248 2737 429 2804 humanitatis
455 2745 532 2798 stetu
559 2757 604 2818 ap.
633 2737 715 2796 Rom.
742 2735 840 2816 ιι.64’,
873 2737 1007 2797 incidit'
998 2757 1027 2796 rn
1056 2735 1178 2796 Gallei
1202 2758 1292 2816 voce

250 2843 400 2895 canora,
426 2842 475 2882 ac.
527 2823 630 2882 Bothio
659 2842 756 2883 verum
784 2823 896 2883 videtur
926 2819 1086 2884 Collecti
1112 2823 1207 2883 voci’
1237 2842 1290 2881 33-

249 2929 375 2980 norae,
408 2907 484 2988 quod
501 2907 602 2987 probet
619 2906 719 2968 Livius
740 2906 813 2966 llist.
827 2907 866 2966 X.
885 2915 940 2970 29:
969 2909 1067 2978 „Tum
1089 2906 1215 2966 collectis
1234 2927 1293 2967 omn

249 2995 332 3055 nibus
362 2993 509 3064 subsidiis,
541 3011 613 3072 quae
642 2992 678 3051 ad
699 2992 727 3050 id
751 2999 859 3070 tempus
875 2998 1076 3052 reservaverat
1106 2987 1156 3070 (Q.
1174 2991 1290 3064 Fabius,

248 3080 332 3140 Decii
354 3079 464 3159 collega
485 3077 514 3136 in
536 3074 712 3151 consulatu),
741 3083 770 3134 et
786 3077 917 3158 legiones
938 3075 1104 3146 concitavit,
1128 3079 1157 3134 et
1178 3075 1293 3157 signum

249 3165 286 3226 ad
308 3163 484 3225 invadendos
502 3163 600 3222 hostes
622 3161 762 3239 equitibus
784 3161 862 3222 dedit
883 3157 1006 3240 (mortuo
1021 3161 1076 3222 iam
1086 3157 1201 3258 Decio).
1231 3159 1292 3220 Nec

188 3291 189 3303 ι
251 3251 446 3310 sustinuerunt
467 3246 607 3306 Samnites
639 3246 808 3344 impetumss
860 3245 1023 3317 Mihi,ch
1056 3245 1160 3304 omisso
1194 3265 1291 3304 eorum

174 3357 178 3368 ·
254 3335 381 3406 nomine,
414 3331 486 3391 Attii
511 3333 590 3390 locus
618 3330 709 3412 magis
737 3330 889 3394 convenire
914 3289 1059 3392 videtur'
1051 3348 1079 3387 nn
1109 3331 1222 3402 Gallos,
1256 3319 1291 3389 de

250 3412 367 3538 quibus“
376 3416 418 3476 sie
444 3415 543 3476 Livius
569 3415 642 3474 llist.
663 3415 702 3476 X.
726 3423 782 3477 26:
818 3416 1024 3493 „Dvantesque
1045 3414 1131 3472 moris
1157 3413 1201 3472 sui
1228 3434 1291 3473 car·

250 3504 356 3576 mioe;‘
358 3507 424 3562 ‘et
443 3501 481 3559 X.
494 3509 549 3562 28.
581 3501 721 3572 „Essedis
742 3501 886 3577 carrisque
907 3507 1071 3577 superstans
1094 3505 1218 3558 armatus
1239 3500 1290 3557 ho·
1311 3520 1314 3523 *

250 3589 303 3648 stis
333 3585 444 3668 ingenti
479 3585 574 3644 sonitu
606 3604 739 3664 equorum
768 3592 948 3662 rotarumque
985 3583 1107 3644 advenit.
1115 3589 1134 3618 “
1192 3583 1291 3659 Neque

253 3671 379 3735 codicum
409 3669 575 3752 scripturam
606 3669 786 3748 depravatam
817 3688 880 3727 esse
915 3669 1002 3728 stetui
1034 3687 1150 3727 necesse
1180 3668 1293 3730 videtur

249 3775 324 3818 csse.
368 3755 502 3814 Galleti
522 3753 644 3834 intelligi
665 3760 784 3832 possunt
804 3753 902 3824 iidem,
924 3753 972 3831 qui
993 3753 1063 3812 alios
1084 3753 1214 3811 dicuntur
1236 3753 1291 3811 Ga·

249 3841 316 3912 leti,
348 3838 466 3909 Galleti,
499 3839 630 3908 Caletae,
662 3837 790 3909 Caletes,
822 3838 902 3896 cuius
933 3837 1029 3916 populi
1058 3837 1169 3896 nomine
1195 3837 1290 3896 Attius

252 3925 364 3986 omnino
392 3923 573 4003 appellaverit
600 3921 707 3983 Gallos.
756 3923 913 3982 Fremitu
940 3920 1096 4003 significari
1121 3921 1187 3980 mihi
1214 3923 1290 3983 vide·
1306 3985 1307 3990 .

251 4019 299 4070 tur
320 4027 474 4078 armorum,
503 4027 637 4086 equorum
666 4027 851 4085 curruumque
878 4007 1022 4085 strepitus.
1076 4008 1224 4066 Caeterum
1253 4005 1292 4064 31-

252 4096 317 4154 rnile
352 4093 523 4172 asyndeton,
563 4099 648 4170 atque
683 4092 712 4150 in
744 4093 798 4208 lnoc
832 4093 896 4152 loco
932 4098 990 4162 est,
1034 4090 1270 4170 deprehendes
1261 4111 1291 4148 ιιι

251 4179 354 4262 ungu.
369 4177 446 4238 vru.
