2932 4842
1142 401 1217 479 llll

177 575 251 636 uod.
279 574 400 655 Guelplr.
427 572 625 654 promittet.
654 570 727 632 Vsu.
754 571 778 631 Ι.
799 571 836 632 ΙΙ.
874 571 942 631 Par.
973 573 1219 651 repromittat.

176 661 242 720 Ald.
273 659 341 720 llas.
373 660 471 740 Stepli.
502 658 570 718 Jun.
602 656 776 716 remittat.
803 689 846 702 -
877 656 1014 716 latites.
1045 657 1115 718 Ven.
1137 659 1159 719 Ι.
1182 660 1219 722 ΙΙ.

177 745 247 805 Par.
268 745 410 806 latices.
432 775 475 789 -
495 743 608 802 ludas.
639 741 710 800 uod.
732 741 852 822 Guelph.
882 742 951 801 Ven.
969 741 990 798 l.
1009 741 1045 801 ΙΙ.
1065 742 1134 804 l’ar.
1153 744 1218 806 Alei.

177 830 246 890 llas.
268 831 366 910 Steplr.
387 830 455 889 lun.
475 827 610 889 laudas.
653 825 787 886 Cuiaeius
807 827 827 886 l.
849 845 875 887 c.
898 825 1031 888 eludas.

680 959 718 1022 ΙΙ.

197 1073 199 1076 ’
264 1078 374 1140 Nonius
401 1101 428 1160 p.
450 1087 487 1141 21
516 1080 562 1139 cd.
587 1078 691 1138 llere:
724 1076 902 1149 „Vinosae
931 1055 1062 1137 mulieres
1087 1077 1219 1140 dicuutur

177 1165 302 1227 virorum
325 1186 342 1226 a
362 1173 490 1244 petentes
510 1165 555 1224 vel
576 1162 750 1222 luxuriosae.
771 1193 813 1206 -
834 1159 968 1221 Afranius
989 1161 1018 1220 in
1040 1162 1186 1224 llivortioz
1281 1235 1283 1240 ,

230 1249 399 1343 vigilans
425 1272 468 1320 ac
494 1250 641 1336 sollers,
674 1238 792 1334 sicca,
825 1269 934 1333 sana,
967 1248 1108 1340 sobria3

230 1349 364 1423 virosa
389 1374 461 1421 non
486 1372 585 1439 sum3
626 1355 662 1418 ct
686 1341 722 1419 si
746 1349 834 1434 sim,
867 1369 942 1417 non
967 1350 1095 1420 desunt
1119 1349 1218 1439 milri,

232 1450 308 1531 Qui
321 1446 418 1524 ultr-(i
433 1455 534 1522 deut:
563 1459 664 1522 aetus
681 1439 825 1542 integro
841 1464 913 1535 est,
939 1451 1079 1520 forulae
1092 1455 1221 1524 setis.“

179 1553 213 1612 si
239 1554 311 1614 sim.
355 1555 403 1613 Sic
431 1553 606 1632 Stephanus,
639 1550 804 1611 Gulielmius
825 1553 943 1616 (ineest.
972 1551 1000 1610 in
1019 1552 1113 1613 Plaut.
1135 1555 1219 1633 Capt.

179 1639 231 1711 V.,
259 1639 421 1700 Gronovius
436 1639 595 1698 Observatt.
612 1635 659 1694 lV.
677 1645 705 1697 2.
727 1657 754 1715 p.
769 1643 818 1696 ²7.
853 1636 945 1716 Vulgo
967 1636 997 1695 si
1017 1658 1101 1698 sum.
1135 1639 1220 1706 uuor

179 1723 206 1783 si
228 1723 348 1794 diceret,
378 1723 547 1782 concederet
568 1721 679 1792 mulier,
702 1720 879 1799 quodmodo
902 1721 1027 1802 negavit.
1050 1755 1092 1768 -
1112 1724 1219 1784 Memn-

178 1807 241 1866 riac
259 1808 354 1887 lapsu,
376 1816 408 1866 ut
425 1807 550 1879 videtur,
572 1806 674 1868 velex
696 1815 863 1886 argumento
886 1806 996 1865 titulum
1011 1805 1134 1889 fingens,
1155 1809 1218 1870 los.

180 1892 313 1974 Scaliger
343 1893 379 1951 atl
409 1891 490 1952 l'arr.
518 1892 553 1950 ‹le
580 1891 617 1952 L.
641 1889 676 1949 L.
698 1890 746 1952 Vl.
775 1910 803 1969 p.
823 1897 862 1951 93
886 1891 930 1949 ed.
953 1891 1015 1970 llip.
1043 1891 1094 1950 hos
1120 1913 1219 1954 versus

179 1977 278 2036 laudat
304 1997 341 2036 ex
368 1977 527 2056 Repudiato
554 1974 675 2035 Afranii.
724 1975 799 2033 lolem
826 1974 869 2035 tir
895 1976 1032 2056 egregius
1058 1976 1077 2035 l.
1099 1995 1124 2037 c.
1154 1977 1219 2038 sic·

180 2080 255 2121 cam
282 2061 484 2140 interpretatur
505 2060 615 2120 minime
635 2060 830 2139 sputatricem3
861 2060 967 2118 addens
989 2067 1097 2120 tamen:
1130 2062 1220 2136 „Etsi

180 2145 257 2218 scio,
289 2146 318 2204 in
340 2145 450 2205 Afranii
471 2147 564 2208 verbis
592 2145 693 2205 siccam
721 2164 785 2204 esse
806 2164 890 2223 posse
911 2163 962 2224 pro
982 2145 1079 2204 sobria
1100 2145 1218 2206 dictum:

179 2237 214 2289 ut
234 2232 308 2309 apud
328 2230 458 2290 Plautum
481 2231 508 2289 iu
530 2230 662 2289 Asinaria
684 2226 732 2308 (V.
748 2229 778 2290 2.
795 2231 845 2308 7),
868 2236 897 2288 et
918 2230 1083 2288 Ciceronem
1103 2233 1131 2291 iu
1146 2233 1220 2291 Aca-

181 2315 296 2376 demicis
318 2314 367 2396 (tl.
391 2314 445 2396 27)
466 2315 535 2375 sicci
556 2314 680 2374 homines
702 2333 753 2393 pru
775 2313 891 2373 sobriis:
919 2315 993 2374 sicut
1013 2322 1113 2375 contra
1132 2317 1220 2377 madi·

180 2400 249 2474 (lus,
277 2407 306 2461 et
326 2400 467 2473 madulsa,
494 2420 545 2479 pro
568 2398 656 2460 ebrio.
699 2400 744 2458 ltu
765 2396 847 2458 etium
870 2394 962 2482 ξηρὸν
983 2400 1129 2486 Graece.“

669 2533 719 2594 ΙΙΙ.

264 2651 374 2712 Nonius
395 2673 423 2732 p.
442 2659 482 2715 87
511 2651 555 2712 ed.
581 2652 686 2713 Mercu
722 2652 954 2733 „cognomen
983 2660 1040 2713 est
1067 2649 1218 2736 (Cogno-

179 2734 303 2818 miuel)
327 2737 449 2797 eiusdem
471 2737 601 2797 numinis.
644 2735 779 2796 Afranius
800 2737 828 2796 in
851 2736 998 2798 Divertio:

243 2821 384 2882 Letium
413 2841 528 2904 genus
556 2820 891 2905 cognominationis
918 2823 1113 2883 morborum
1135 2844 1217 2907 eog-

244 2906 434 2966 nominis.“

180 2990 331 3052 Letium.
371 2991 442 3051 Ven.
469 2991 491 3051 l.
520 2990 555 3051 ll.
593 2990 765 3052 Laelium.
799 2989 867 3050 Par.
896 2989 1059 3052 Laetius.
1099 2993 1216 3074 Lipsius

179 3076 326 3155 Antiquar.
359 3076 424 3136 lect.
452 3076 487 3136 V.
516 3084 573 3136 14:
605 3075 689 3137 Leti
720 3094 819 3134 omne
849 3093 962 3155 genus
989 3078 1217 3158 cognomina·

179 3160 274 3219 tioni
300 3161 498 3220 morborum
526 3179 723 3242 cognomen
746 3167 816 3232 est,
849 3160 894 3220 vel
915 3161 1128 3240 cognomine
1150 3171 1216 3224 est.

179 3244 315 3318 Bothius,
353 3253 419 3326 post
448 3245 647 3306 morborum
678 3244 806 3304 inserens
838 3250 908 3315 est,
945 3246 1095 3306 tentabat:
1133 3247 1218 3308 Leti

180 3325 270 3389 e'nim
299 3349 414 3412 genus
445 3337 499 3390 etc.
542 3331 630 3402 „Hoc
656 3334 744 3400 est,“
774 3329 877 3410 inquit,
910 3348 1036 3400 „nomen
1057 3330 1107 3389 leti
1128 3332 1219 3394 simile

180 3423 225 3474 est
247 3415 351 3474 nomini
372 3414 567 3475 morborum.“
610 3413 663 3473 Cui
682 3415 827 3474 contraria
847 3414 990 3474 sententia
1010 3414 1040 3475 iu
1062 3416 1155 3479 vertis
1176 3416 1218 3478 le·
1254 3475 1256 3479 .

179 3504 242 3560 tere
263 3500 328 3559 nili
349 3500 476 3572 videtur,
508 3507 537 3558 et
557 3500 733 3560 scribendum
754 3498 893 3558 sortasse:

384 3625 435 3636 —-
460 3584 546 3656 Leti
571 3607 676 3655 enine
702 3587 816 3677 geniis
842 3575 1168 3676 cognominiitionis

229 3681 442 3756 Morborum
469 3679 695 3779 cogn6niine.
728 3725 778 3738 -

179 3785 354 3864 Propterea,
383 3787 497 3867 opinor,
530 3787 803 3870 cognominationem
823 3789 981 3848 morionum
1002 3789 1054 3851 leti
1074 3790 1219 3874 cognomi·

179 3889 244 3931 nem
265 3871 335 3932 dicit
354 3879 455 3952 potita,
486 3874 561 3953 quod
582 3873 672 3932 morbi
694 3879 811 3933 mortem
832 3873 969 3935 efficiunt.

676 4009 725 4068 ΙΙΙ.

262 4123 372 4184 Nonius
392 4147 420 4205 p.
436 4134 497 4187 110
513 4127 558 4188 et.
572 4127 676 4188 llere:
698 4126 887 4201 „Flaccct,
908 4127 1042 4210 languet,
1064 4103 1219 4190 deficit,-

178 4205 312 4270 Airauius
333 4210 364 4271 iu
383 4211 529 4275 liivortio:
