2940 4838
265 355 352 436 25⁴

266 521 398 591 iro'ed.
437 529 506 591 Per.
538 530 652 592 edire.
694 531 830 594 Fortem
856 503 1161 595 mnenmu’ouiro
1186 535 1242 609 ed,
1271 543 1303 596 ut

264 615 403 695 liquescat
423 616 652 676 Fluctoetim.
674 650 716 662 —
737 617 912 697 Accipite.
941 620 1005 678 Alo.
1026 620 1094 680 llos.
1116 621 1214 700 Steph.
1236 621 1301 680 Jun.

265 697 471 845 a'I'cuidliiniinmu
482 701 661 870 miditetiug·
667 701 889 848 affigun-
897 702 964 847 sicui
973 709 1127 850 stuessgtilnedi
1149 707 1303 850 tliridi-mcii

179 899 181 904 ·
264 869 417 930 sustine.
443 903 487 915 ·-
518 871 637 931 Bothius
659 872 798 951 explicet:
829 872 951 945 „Tene
973 871 1083 934 videtur
1103 873 1198 935 volere
1220 872 1304 934 Tene

265 973 317 1013 seu
339 954 461 1014 Contine
483 960 527 1030 te,
549 957 642 1016 Toce.
684 957 779 1018 Verbo
805 958 973 1037 Accipite
1002 960 1067 1039 hoc
1097 959 1188 1019 servis
1209 959 1304 1018 ‹licun-

264 1044 328 1110 tur,
350 1039 449 1118 quibus
469 1039 517 1100 ille
538 1047 636 1122 togem
657 1042 744 1101 trudit
763 1041 809 1103 vel
829 1043 956 1120 pellium,
977 1050 1010 1101 nt
1031 1041 1190 1124 expeditior
1209 1044 1248 1102 sit
1268 1044 1304 1103 ed

264 1142 399 1204 pugnum.
450 1123 494 1184 cf.
522 1125 643 1206 interpp.
671 1128 792 1186 Terent.
820 1127 858 1186 ed
883 1128 956 1186 Eun.
978 1135 1013 1199 t,
1036 1136 1070 1199 6,
1093 1135 1143 1188 31.
1192 1129 1304 1208 Tege,

266 1207 385 1268 defende
420 1213 501 1268 me.“
556 1210 729 1270 Crediderim
760 1211 871 1292 potius,
902 1212 1076 1272 meretricem
1107 1215 1178 1272 hoec
1210 1213 1307 1272 dicere

220 1359 224 1376 1
266 1293 389 1365 encillis,
421 1314 453 1353 se
480 1302 639 1374 parentem,
670 1302 703 1355 ut
728 1296 873 1375 splendido
901 1303 1003 1356 ornotn
1030 1304 1182 1359 ometcrem
1204 1317 1305 1358 conve-

266 1376 340 1449 niot3
374 1397 445 1456 quse
467 1378 562 1459 opinio
593 1379 658 1439 mihi
680 1379 763 1439 etiem
785 1381 967 1460 inscriptione
988 1382 1118 1461 Pompe
1137 1381 1245 1441 firmori
1264 1382 1305 1444 vi·

266 1461 358 1522 detur.
399 1463 481 1542 Apud
498 1463 671 1525 Terentium
691 1465 795 1524 Heuut.
816 1464 864 1524 lV.
884 1473 914 1526 4.
938 1471 978 1557 1]
1004 1467 1143 1526 meretrici
1164 1468 1245 1526 hoec·
1262 1467 1304 1525 di·

266 1555 383 1606 cuntur:
414 1549 653 1620 „Transeundum
675 1569 750 1610 nnnc
770 1550 821 1611 tibi
841 1549 877 1610 ed
898 1551 1091 1610 Menedemum
1115 1559 1174 1624 est,
1206 1558 1306 1612 otton

265 1652 367 1712 pompe
388 1652 424 1692 eo
444 1633 618 1696 troducende
639 1639 718 1694 cst.“

694 1781 897 1796 m

641 1883 666 1944 Ρ
694 1886 721 1943 n
747 1885 760 1944 l
786 1885 817 1946 Μ
843 1885 870 1946 U
896 1885 929 1944 S.

350 2003 413 2064 Vid.
434 2003 532 2064 Promi
552 2001 656 2086 fragm.
677 2003 728 2063 lll.

685 2151 888 2166 *—

592 2252 977 2317 Portiones

774 2392 787 2451 l

350 2493 459 2554 Nonius
479 2502 540 2574 με
562 2493 607 2552 ed.
624 2493 728 2552 llere:
757 2491 952 2564 „l'elitstio
975 2491 1078 2551 diuitum
1097 2492 1167 2554 levis
1189 2501 1306 2553 conten-

266 2580 322 2654 tio,
345 2581 420 2640 dictu
440 2599 478 2638 ex
499 2578 703 2660 congressione
723 2577 847 2639 velitum.
877 2610 917 2622 -
943 2576 1079 2638 Afranius
1099 2578 1128 2639 in
1150 2579 1306 2662 Privignus

366 2719 419 2734 ··-·-
442 2679 590 2750 Interea
616 2681 727 2749 verbo
754 2679 889 2757 iactare
915 2679 951 2747 tt
975 2679 1087 2750 labris

316 2781 417 2852 Inter
442 2804 483 2852 se
505 2772 665 2868 velitsiri,
698 2772 952 2852 velificdrier.“

266 2901 453 2983 Priuigno.
482 2898 554 2959 Ven.
570 2900 592 2958 l.
606 2900 642 2957 ll.
669 2898 732 2956 Ald.
755 2899 843 2958 lllerc.
866 2897 1049 2979 privigno.
1071 2931 1114 2945 --
1136 2906 1170 2959 et
1191 2899 1305 2958 lobris

266 2990 366 3047 luter
387 3006 434 3045 se.
464 2983 580 3064 Lipsius
601 2982 711 3042 Verior.
733 2984 798 3042 lect.
818 2984 867 3042 lll.
893 2989 930 3045 15
952 2983 1052 3042 inter
1072 2992 1167 3043 se'et
1187 2983 1304 3044 loliis.

265 3106 309 3128 «-
331 3070 494 3142 velitari,
521 3067 772 3130 velificarier..
811 3069 941 3148 Lipsius,
969 3087 1063 3146 equo
1085 3089 1141 3127 non
1165 3069 1306 3148 discrepet

265 3157 400 3226 Bothius,
427 3154 585 3215 velitari.
628 3153 728 3212 Carrio
750 3154 908 3212 Emendott.
930 3155 966 3211 ll.
990 3161 1044 3223 16,
1072 3153 1210 3232 probante
1230 3154 1306 3212 iller-

266 3243 359 3316 ceric,
390 3239 591 3301 veliterier.
645 3238 746 3296 Corrio
775 3238 860 3309 dicit,
893 3237 921 3296 in
949 3237 1091 3296 codicibus
1122 3245 1152 3296 et
1184 3238 1305 3316 antiquis

267 3325 436 3387 editionibus
464 3344 520 3382 non
542 3321 660 3402 reperiri
680 3320 924 3400 velificarier3
959 3322 1033 3401 quod
1055 3342 1151 3383 verum
1172 3343 1229 3381 non
1252 3328 1304 3382 est.

267 3411 386 3470 llotliius
416 3429 477 3467 cum
503 3408 643 3467 Mercerio
670 3406 834 3467 vocobulum
862 3427 913 3487 pro
936 3406 1167 3485 interpretatione
1194 3403 1306 3486 occipit.

267 3495 402 3574 Equidem
424 3513 481 3552 non
502 3492 648 3573 intelligo,
678 3491 727 3570 qui
748 3493 801 3551 lroc
821 3492 985 3554 vccabulum
1008 3512 1045 3550 ex
1072 3492 1306 3571 interpretatione
1335 3493 1337 3500 '

268 3580 338 3639 oriri
359 3578 495 3657 potuerit3
527 3584 557 3636 et
576 3596 675 3637 versus
696 3577 778 3635 testis
800 3583 859 3648 est,
886 3584 964 3636 recte
986 3597 1018 3636 se
1037 3577 1142 3636 holere
1162 3576 1306 3658 vulgatum

269 3664 427 3724 lectionem.
460 3658 707 3733 velificarier,
729 3662 792 3722 velu
812 3661 973 3734 intendere,
994 3681 1035 3720 sc.
1057 3661 1086 3720 in
1107 3660 1306 3732 adversarium,

269 3747 462 3812 odvcrsnrinm
483 3757 657 3830 oppugnare

772 3881 808 3940 ll.

322 3991 327 4007 “
353 3999 463 4062 Nonius
482 4005 562 4080 pel
586 3999 631 4059 ed.
653 3997 756 4058 Mero:
788 3997 940 4071 „Corios
968 4005 1012 4059 cst
1037 4004 1165 4060 vetustos
1191 3999 1237 4060 vcl
1258 4018 1307 4076 pu·
1378 4006 1381 4014 '

270 4089 393 4172 trilego3
422 4083 497 4145 unde
525 4083 704 4146 sericeum
729 4091 841 4144 veteres
867 4083 1009 4144 dixcmnt
1037 4114 1080 4130 -
1112 4081 1248 4144 Afranius
1278 4081 1307 4141 iu

270 4175 407 4256 Priuigno
416 4193 424 4230 ι
