2940 4838
205 349 210 368 ’
291 405 375 485 ara

296 597 361 642 nam
382 581 417 642 de
437 577 530 642 Pallio
551 599 579 662 p.
593 585 654 644 386
676 597 755 662 aequ.
777 577 976 662 Philosophiae
996 578 1087 663 igitur
1105 579 1154 640 ille
1175 575 1333 642 valedicere

295 667 332 727 ad
352 685 463 727 amarer
484 685 586 745 reaque
607 667 729 727 ludicrae
750 665 871 726 stadium
892 687 924 726 ae
946 684 1027 726 ruem
1048 666 1249 726 canalaturum
1271 684 1332 727 erre

295 751 508 834 significaverit.
544 749 665 811 Terent.
692 751 780 812 Andr.
798 759 852 814 28:
875 755 960 810 -.“
994 752 1033 811 At
1063 751 1261 812 deminutivum
1282 773 1333 831 pe

294 838 384 897 tiolo
407 843 503 896 monet
523 840 617 916 potius
639 838 674 898 ‹lc
697 856 786 918 puero
808 837 853 899 vel
873 836 978 917 puella.

789 972 837 1032 Ν.

377 1087 487 1148 Nonius
508 1111 535 1169 p.
550 1091 611 1152 216
633 1089 678 1151 ed.
699 1089 804 1152 llere:
826 1089 982 1164 „Ostrea
1002 1089 1119 1171 pneris
1139 1087 1276 1150 feminini.
1293 1119 1333 1136 --

295 1171 430 1234 Afranius
450 1174 478 1232 in
500 1175 643 1254 Excepta:

346 1257 527 1346 Cauchas,
554 1259 713 1349 echinos,
741 1265 882 1331 ostreas
907 1259 1105 1331 marinas.“
1269 1359 1273 1365 Ι

295 1383 439 1437 ostreas
466 1377 632 1436 marinae.
660 1379 726 1436 lun.
754 1385 897 1437 astreas
921 1377 1118 1438 Lucrinae.
1140 1377 1213 1437 ’.ΙιιιιΙ
1241 1398 1331 1460 marg.

296 1468 453 1521 ostream
474 1461 672 1522 Lucrinam.
708 1462 804 1522 Facile
826 1463 955 1542 decipere
976 1463 1066 1543 possit
1087 1463 1165 1522 lunii
1186 1469 1332 1522 astreas

295 1547 485 1618 Lucrinae,
519 1547 650 1625 queniam
671 1554 785 1606 ostreae
805 1547 948 1608 Lucrinae
969 1549 998 1608 ia
1020 1548 1127 1608 deliciis
1148 1541 1331 1607 habebantur.

295 1631 414 1691 Videtur
434 1638 526 1690 autem
548 1633 702 1692 marinas
723 1651 780 1690 nan
802 1641 910 1692 tantm
931 1632 967 1692 ad
990 1641 1153 1704 ostreas,
1175 1634 1225 1692 aed
1248 1631 1332 1692 etiarn

295 1716 331 1774 ad
353 1716 529 1787 Cauchas,
551 1717 697 1777 echinos
717 1716 869 1797 pertinere.
891 1751 934 1764 -
954 1718 987 1778 ln
1009 1718 1079 1778 Ver.
1096 1717 1120 1779 l.
1137 1718 1173 1779 ΙΙ,
1194 1714 1262 1778 Par.
1284 1716 1331 1778 de-

294 1799 435 1861 sideratur
456 1801 544 1860 locus.

795 1937 829 1996 V.

348 2080 349 2084 ¹
380 2051 491 2112 Nauius
512 2075 539 2132 p.
553 2061 614 2114 932
636 2053 681 2113 ed.
701 2055 804 2115 Merca
831 2055 1059 2130 „Advorsum
1079 2085 1124 2102 -
1148 2056 1223 2136 apud
1243 2052 1330 2138 eigai·

294 2134 371 2197 licat.
391 2170 433 2182 -
455 2137 589 2197 Afranius
610 2139 639 2196 in
660 2140 804 2220 Excepto:

346 2220 405 2292 lle
426 2215 504 2292 vila
524 2247 568 2294 ac
588 2233 704 2294 morte
726 2225 862 2296 dimini
879 2224 1097 2295 tribulaverit

249 2344 252 2348 ’
346 2323 556 2396 Adversum
575 2327 725 2397 fratrem
746 2319 844 2400 illius
870 2349 912 2397 ac
939 2319 1123 2398 dominrim
1148 2323 1306 2398 suuml“

296 2439 531 2504 fabularerit
565 2443 661 2516 Libri,
683 2453 772 2504 metro
794 2447 972 2517 adversante,
993 2445 1219 2507 fabularere.
1247 2443 1328 2503 Balla.

295 2524 523 2598 fabulabcre,
554 2529 629 2606 quad
659 2530 801 2589 sententia
827 2551 884 2590 nau
914 2529 981 2591 fert.
1020 2532 1106 2592 Certe
1136 2531 1190 2590 hcc
1217 2536 1328 2609 recepto

296 2609 379 2670 etiam
400 2631 496 2670 auum
517 2614 678 2673 mutandum
699 2622 776 2674 esset
796 2616 825 2674 in
847 2621 951 2674 tuum.

789 2747 837 2809 vl.

379 2861 490 2920 Nonius
521 2871 623 2942 p238
651 2868 696 2929 ed.
726 2867 831 2928 Mara:
865 2868 1083 2948 „Appellare
1110 2873 1155 2927 eat
1181 2866 1330 2946 applicare.

295 2944 428 3006 Afranius
449 2947 479 3006 in
500 2949 644 3030 Excepto:

1062 3075 1144 3103 .-
1163 3027 1249 3107 Ali
1274 3041 1326 3105 tu:

297 3209 299 3214 ,
346 3123 544 3225 ΑρρέΙΙιιιιι
575 3135 647 3208 huc
673 3129 721 3208 id
746 3139 877 3208 molem
903 3137 1063 3209 nestram
1087 3128 1329 3218 naviculam.“

295 3249 359 3308 Abi
395 3258 440 3310 tu.
476 3253 546 3312 Van.
565 3253 640 3313 til.
667 3256 734 3316 Par.
767 3256 830 3316 Ald.
863 3258 931 3316 llas.
958 3258 1055 3336 steph.
1089 3257 1231 3316 Habitu.
1265 3255 1327 3314 Jar.

295 3334 413 3395 aditu.
434 3371 477 3382 --
498 3337 651 3417 Perperam
671 3341 835 3403 Marcellus:
857 3343 1077 3422 „Appellare
1099 3350 1144 3402 eat
1159 3341 1328 3421 applicare.“

296 3419 465 3480 Mercarius:
495 3423 675 3493 „Carfuadit
696 3427 881 3505 appellare
902 3436 932 3486 et
952 3427 1145 3506 appellare.
1167 3447 1231 3487 nam
1253 3432 1328 3486 certe
1448 3401 1449 3444 ἕ

297 3506 483 3582 appellare
504 3508 636 3588 scriptum
658 3509 786 3584 fuit,.ut
805 3512 833 3570 in
855 3512 932 3571 libris
954 3512 1063 3584 inveni,
1090 3513 1252 3590 deceptuaq.
1273 3511 1328 3568 Na-

296 3588 361 3647 niur
382 3587 536 3651 inflexione
557 3594 635 3654 verbi
656 3595 685 3653 in
707 3597 816 3655 duobus
837 3597 972 3676 exemplis
993 3617 1064 3676 quae
1076 3595 1170 3658 adfert
1187 3591 1328 3675 (efora-

296 3671 344 3730 nia
365 3680 395 3732 et
415 3673 551 3758 Lucilio),
573 3697 645 3757 quae
666 3688 734 3738 sunt
753 3681 923 3742 coniunctivi
943 3682 1052 3740 madi.“

779 3816 840 3876 Vll.

380 3925 488 3986 Nonius
517 3950 544 4007 p.
563 3938 626 3993 316
654 3933 697 3992 ed.
727 3933 831 3994 Mera:
863 3934 1063 4010 „Graecari
1098 3934 1182 3994 etiam
1213 3934 1327 3996 dicimus

294 4007 446 4070 ambulare.
468 4044 509 4056 —
530 4013 664 4076 Afranius
685 4018 714 4078 in
738 4020 881 4100 Excepta:

344 4092 532 4168 Goraimili
557 4107 769 4193 grassarier
792 4107 865 4194 via,
891 4103 1106 4278 ‹ppuliltrua‘lric
1131 4111 1188 4176 cst
1213 4103 1327 4176 amnis

898 4231 900 4234 ,
972 4227 1046 4278 ω’,
