2932 4842
1134 387 1211 466 itu

271 566 351 638 lnrn
371 565 551 662 igiturex
577 567 743 640 omnibus
763 565 853 655 iere,
880 587 973 660 quoe
993 566 1041 638 de
1053 563 1211 638 Auanic

169 669 452 762 disputavimus,
501 679 669 760 apparet,
718 669 815 762 quod
852 666 1057 740 Menander
1099 665 1212 740 fuerit

170 767 338 858 Graecis,
365 771 461 843 idem
481 770 594 858 illum,
621 768 729 842 liuius
746 770 973 862 discipulum,
998 769 1114 840 fuisse
1135 765 1210 840 Ro·

55 957 59 966 .
169 873 296 945 manis.
354 869 555 946 Menander
590 873 749 943 onmium
776 873 935 943 maxime
966 870 1138 946 excelluit
1169 869 1210 941 in

170 969 397 1046 Graecorum
419 975 579 1044 moribus
601 974 857 1061 describendis,
884 973 1062 1046 Afranius
1082 975 1119 1046 iu
1135 967 1211 1045 Ro·

169 1096 369 1148 manorum.
422 1075 496 1148 Ille
512 1076 549 1149 iu
566 1076 690 1148 Attico
712 1095 881 1158 sermone
894 1075 1113 1169 elegantiam
1125 1097 1211 1148 con·

169 1187 316 1250 secutus
344 1184 416 1265 est,
451 1177 566 1248 hiric
596 1177 740 1252 Latino.
791 1175 1013 1265 Menander,
1050 1177 1085 1248 id
1113 1177 1211 1271 quod

169 1277 345 1372 etipsurn
368 1279 602 1352 memorabile
623 1287 690 1367 est,
717 1275 1101 1373 Graccum-tragicum
1125 1285 1212 1372 poi·

168 1389 254 1468 tm,
281 1380 503 1472 Euripidem,
529 1381 690 1453 imitetur
711 1389 778 1469 cst,
798 1381 977 1453 Asconius
992 1375 1210 1470 Romanum,

170 1481 213 1554 G.
240 1483 393 1554 Titium.
442 1479 638 1576 Utriusque
666 1483 850 1576 ingenium
872 1490 951 1554 erat
972 1484 1210 1555 foecundissi-

168 1603 278 1656 mum.
331 1583 478 1662 Quanto
511 1594 632 1655 autern
666 1585 831 1673 omnino,
867 1585 965 1680 quod
996 1585 1042 1656 sd
1061 1585 1210 1658 ‘litteras

168 1683 314 1770 attinet,
350 1683 506 1756 Romani
537 1682 694 1774 Gnteeis
721 1685 960 1779 postponendi
980 1694 1082 1774 sunt,
1109 1693 1209 1760 tanto

168 1787 277 1858 etium
292 1788 486 1858 Afranium
496 1786 699 1858 Menandro
714 1790 869 1862 cessisse
882 1789 1049 1862 arbitror.
1071 1789 1210 1868 (luam-

168 1909 275 1982 quam
304 1889 446 1975 nesclo,
487 1911 534 1959 un
564 1889 645 1981 plus
672 1891 782 1961 etium
816 1889 1020 1961 detrimenti
1050 1890 1211 1982 ceperint

168 1988 358 2062 Romanae
391 1991 534 2062 litterae
572 2015 620 2062 ex
654 1993 842 2084 deperdito
881 1991 1060 2080 Afrania,
1100 2012 1210 2085 quam

169 2086 338 2163 Graecae
360 2113 408 2163 ex
424 2089 643 2180 Menandro,
668 2095 770 2164 cuius
785 2093 1002 2188 omninoque
1015 2115 1134 2164 novae
1149 2115 1211 2163 oc·

166 2190 335 2264 moeutse
348 2201 536 2285 poetarum
549 2197 743 2282 rationem,
762 2217 834 2290 qua
847 2195 989 2279 usi'sint
1000 2188 1038 2266 in
1053 2203 1209 2268 tractan-

168 2297 224 2368 dis
245 2296 484 2390 argumentis,
506 2320 554 2368 ex
568 2297 701 2368 Plauto
715 2296 960 2390 Terentioque
977 2296 1209 2390 quodammo-

167 2397 215 2468 do
243 2395 506 2490 cognoscimus.
548 2397 645 2470 'l'mn
667 2398 698 2468 si
723 2400 839 2490 ipsunt
865 2398 1025 2491 linguam
1053 2406 1208 2490 spectes,

169 2497 334 2588 proiecto
354 2501 530 2573 nonnulla
541 2500 671 2586 verba,
695 2501 886 2575 nonnullas
908 2500 1051 2574 dicendi
1073 2501 1208 2572 formu·

171 2604 245 2686 les,
278 2601 348 2672 nisi
373 2624 422 2672 ex
447 2603 612 2688 comicis,
654 2603 751 2674 haud
776 2604 887 2674 tacile
911 2605 1043 2676 disces.
1093 2602 1210 2696 Atqui

169 2709 313 2775 exstent
361 2701 480 2773 utl‘lruc
525 2703 785 2796 Aristophanis
829 2704 1035 2798 tubularum
1073 2703 1208 2796 plures,

168 2803 294 2875 referti
326 2812 410 2874 sunt
438 2812 474 2874 et
500 2805 606 2876 huius
632 2816 669 2876 et
694 2807 848 2876 aliorum
872 2807 1091 2878 comicorum
1117 2806 1209 2878 locis

167 2903 391 2992 Athenaeus,
419 2905 613 2993 Stobaeus,
641 2907 724 2996 alit3
748 2915 954 3000 togatarum
979 2908 1207 2998 scriptorum,
1347 2959 1349 2962 -

166 3007 294 3100 utqui
319 3008 407 3095 soli,
440 3027 571 3100 quum,
607 3011 668 3100 qui
705 3006 850 3082 Graeca
880 3016 1077 3082 tractarent
1101 3031 1207 3102 urgu-

167 3119 307 3194 mentu,
344 3103 672 3207 emeris-{quoque
698 3111 858 3182 incubus
883 3110 1042 3203 linguam
1068 3132 1208 3182 accom-

169 3211 377 3298 modarent,
410 3233 494 3282 raro
528 3219 664 3282 tuntum
700 3214 818 3304 patria
842 3213 1007 3284 instituta
1032 3213 1207 3304 attingen-

168 3317 241 3398 tes,
282 3305 329 3380 ex
369 3311 483 3404 ipsius
523 3314 648 3405 populi
683 3311 839 3385 Romani
875 3324 993 3384 niente
1018 3335 1207 3406 personas,

167 3433 259 3505 quas
283 3409 506 3501 inducerent,
531 3415 720 3506 loquentes
743 3415 907 3502 fecerint,
934 3415 1095 3507 exceptis
1120 3437 1209 3508 pau·

168 3513 465 3606 cissiragmentis
497 3537 639 3609 unoque
676 3519 821 3606 fabula,
862 3539 979 3610 eaque
1009 3516 1210 3590 serioribus

169 3615 391 3706 temporibus
416 3617 585 3688 coniecta
599 3626 645 3688 et
669 3639 717 3689 ne
743 3619 888 3712 integra·
914 3619 1078 3711 quidem,
1109 3617 1213 3691 nulia

167 3725 397 3792 monuments
422 3727 584 3791 nostram
610 3725 765 3792 aetatem
790 3723 958 3814 tulerunt.
1102 3753 1105 3760 ¹
1173 3749 1176 3761 ·

574 3935 799 3949 —nnn--c
