2938 4848
1180 375 1238 453 46

182 547 401 637 habuerint,
437 549 593 620 eandem
615 547 782 623 fabulum
813 550 923 622 etiarn
947 549 1158 644 simpliciter
1182 559 1237 624 to-

186 659 315 744 gatam
339 651 559 743 appellatam
585 673 685 741 esse,
714 674 821 746 quam
843 660 991 746 togatae
1011 655 1156 725 nomine
1175 677 1237 746 pe·

187 755 327 825 cuiiare
360 754 566 824 fabularum
606 775 722 845 genus
753 754 968 846 significari,
1010 757 1062 827 ita
1101 757 1237 828 diserta
1344 761 1353 766 “

187 878 337 949 quoque
358 863 522 926 veterum
543 856 748 926 testimonia
762 857 912 944 docent,
939 867 1129 952 utramque
1151 880 1236 928 ean-

187 960 276 1029 dem
307 957 434 1029 fuisse.
501 955 700 1028 Diomedes
709 956 793 1054 ¹⁶⁴):
835 1007 859 1044 „
868 958 1034 1051 Togatae
1070 963 1236 1046 autem,“

187 1059 326 1152 inquit,
351 1080 487 1152 „quum
512 1058 559 1128 sit
578 1060 749 1150 generale
774 1082 925 1147 nomen,
952 1060 1158 1150 specialiter
1183 1068 1235 1134 to·

186 1184 275 1232 men
307 1183 373 1252 pro
408 1160 623 1230 tabernariis
656 1183 728 1231 nou
764 1162 873 1232 modo
907 1162 1106 1233 communis
1133 1185 1236 1232 error

186 1270 361 1353 usurpat,
389 1262 451 1355 qui
476 1261 623 1334 Afranii
650 1259 717 1353 (se.
736 1263 977 1358 tabernarias)
1005 1270 1147 1356 togatas
1169 1287 1234 1356 ap·

186 1365 320 1456 pellat,
354 1366 419 1434 sed
445 1375 482 1434 et
505 1371 654 1456 potitae,
688 1371 729 1433 ut
749 1363 944 1452 Hormina,
977 1366 1040 1458 qui
1066 1364 1208 1462 att¹⁶³):

165 1481 168 1488 '
240 1466 329 1538 Vei
366 1465 443 1558 qui
483 1472 755 1558 praetextas
800 1467 874 1537 vei
917 1468 994 1559 qui
1035 1469 1234 1539 docuere

634 1587 636 1592 ’
724 1574 954 1659 togatas.“

186 1669 295 1741 Idem
309 1667 511 1740 Diomedes
520 1666 604 1765 166);
632 1666 826 1761 „Togatae
840 1670 1065 1766 tabernarias
1079 1670 1116 1742 in
1132 1692 1234 1742 scac-

186 1793 275 1842 nam
290 1772 530 1842 ductaverant
541 1771 735 1862 praecipue
752 1772 842 1858 duo,
870 1771 1047 1844 Afranius
1065 1780 1101 1842 et
1119 1772 1234 1850 Quin·

185 1874 331 1946 etius.“
381 1870 428 1943 1..
451 1873 627 1943 Afranius
654 1879 691 1942 et
716 1870 763 1942 T.
787 1871 981 1951 Quinctius
1006 1873 1097 1944 Atta
1121 1875 1233 1946 notis·

187 1975 273 2046 simi
304 1982 389 2045 suut
419 1983 639 2066 togatarum.
656 1974 863 2065 scriptores.
925 1974 1071 2052 Quodsi
1104 1997 1233 2046 eorun-

187 2079 274 2148 dem
299 2083 487 2167 poetarum
513 2077 661 2148 fabulae
688 2078 733 2146 ab
761 2077 841 2146 aliis
867 2083 1031 2169 togatae,
1067 2078 1112 2148 ab
1140 2078 1233 2165 aliis,

186 2187 229 2249 ut
262 2201 285 2248 a
317 2177 515 2266 Diomede,
555 2177 784 2249 tabernariae
809 2179 870 2247 vel
895 2186 1041 2270 togatae
1067 2181 1235 2250 taberna·

186 2281 267 2350 riae
288 2280 472 2366 dicuntur,
504 2281 668 2350 nonfuit
693 2280 883 2350 discrimen
909 2282 1002 2350 inter
1027 2287 1170 2373 togatas
1197 2288 1234 2352 et

188 2384 425 2453 tabernarias.
466 2380 634 2452 Donatus
644 2381 728 2476 ¹⁶²J:
755 2378 1069 2467 „Comoediarum
1091 2385 1233 2456 formae

187 2491 275 2555 sunt
294 2491 387 2554 tres:
415 2485 585 2574 palliatae
592 2533 603 2570 ,
628 2479 812 2555 Graccum
829 2483 989 2554 habitum
1010 2485 1232 2576 referentes3

187 2594 396 2678 togatae,
428 2586 531 2655 iuxta
551 2587 708 2656 formam
732 2603 971 2677 personarum
991 2586 1151 2658 habitum
1176 2597 1230 2658 to·

186 2710 319 2780 garum
343 2678 609 2774 desiderantes,
651 2709 761 2778 quas
786 2689 997 2759 nonnulii
1024 2691 1230 2768 taberna·

186 2791 284 2861 rias
310 2796 491 2878 vocant3
524 2789 751 2860 Atellanae“
776 2796 813 2859 et
838 2812 930 2883 quac
954 2799 1168 2882 sequuntur,

290 2907 410 2978 Etiam
443 2907 574 2977 latiore
606 2907 885 3000 significatione,
924 2909 1121 2981 serioribus
1153 2911 1237 3003 qui·-

187 3011 271 3079 dem
296 3010 536 3100 temporibus,
563 3011 723 3080 *fabulae
748 3017 894 3102 togatae
922 3034 1053 3081 nomen
1079 3035 1237 3104 usurpa,

187 3117 264 3180 tum
291 3134 389 3198 esse,
417 3111 517 3181 Festi
543 3118 579 3181 ct
600 3109 789 3182 Diomedis
810 3113 1032 3198 testimonia,
1058 3135 1158 3204 quae.
1177 3124 1229 3185 at·

186 3213 352 3299 tulimus,
387 3215 527 3284 docent.
562 3210 777 3284 ‘Praeterea
809 3215 905 3304 apud
937 3213 1154 3284 Diomedem
1162 3214 1228 3313 ¹⁶⁸)

186 3312 279 3385 baec
305 3315 537 3386 exhibentur:
578 3313 733 3402 „Prima
758 3317 899 3406 species
932 3323 987 3386 est
1012 3321 1228 3407 togatarum,

187 3437 280 3508 quae
305 3424 554 3509 praetextatae
580 3418 747 3488 dicuntur
764 3406 833 3487 -”.
893 3416 1064 3488 Secunda
1089 3417 1229 3509 species

274 3599 348 3680 164)
379 3603 429 3662 ιιι.
450 3625 477 3682 p.
495 3601 746 3681 487op.1’uuch.
768 3635 811 3647 -
834 3601 908 3680 165)
931 3600 1021 3681 Epist.
1037 3601 1143 3660 auris.
1158 3610 1229 3666 uss.

186 3718 228 3730 -
256 3685 331 3766 166)
360 3688 408 3746 iil.
431 3709 458 3766 p.
473 3695 533 3749 488
551 3707 596 3766 op.
612 3687 729 3746 Putscb.
756 3721 799 3730 —
832 3685 905 3764 167)
934 3687 970 3750 de
991 3687 1153 3746 Comoedia.
1191 3689 1231 3747 Ut

187 3769 277 3830 locum
301 3771 443 3844 dedimus,
465 3772 506 3831 ita
526 3772 666 3854 legendus
688 3779 740 3831 est.
780 3770 824 3830 Cf.
837 3771 979 3832 Rcuvcur.
994 3773 1150 3831 Collectau.
1172 3774 1227 3832 litt.

192 3875 220 3933 p.
232 3861 272 3918 46
295 3875 353 3933 sq.3
389 3858 530 3936 Schopeo.
552 3857 582 3916 iu
603 3857 677 3916 Mus.
699 3857 790 3915 Rben.
813 3857 853 3915 Τ.
865 3856 887 3915 l.
909 3877 937 3934 p.
954 3860 1023 3918 157.
1072 3857 1167 3938 Vulgo
1189 3857 1229 3918 io-

188 3939 280 4020 gitur:
312 3940 491 4013 „Paliiataa,
520 3943 658 4002 Graecum
686 3941 809 4000 babitum
835 3939 976 4012 ferentes,
1007 3960 1077 4018 quas
1103 3942 1230 4001 nonnulii

188 4024 364 4085 tabernarias
391 4033 512 4100 vocaut3
544 4032 663 4107 togatae
692 4031 775 4086 etc.“
825 4026 917 4091 Quam
944 4025 1054 4102 quidem
1081 4026 1230 4086 verborum

187 4109 399 4171 collocationem
420 4131 516 4173 veram
538 4131 603 4172 esse
623 4131 680 4170 nou
703 4129 788 4190 posse
808 4109 986 4171 manifestum
1007 4117 1060 4170 est.
1082 4141 1125 4156 -·
1153 4109 1228 4193 168)

186 4192 235 4254 ΙΙΙ.
255 4200 360 4274 pter
380 4216 425 4276 op.
447 4197 564 4257 Putscb.
