2938 4848
139 391 307 476 ,d

282 566 370 660 guli
392 587 476 686 pern
490 587 532 634 so
564 565 700 666 aliquid
724 561 896 633 momenti
921 561 1095 652 habeant,
1130 563 1208 634 fere
1240 563 1324 636 sola
1446 555 1447 568 ¹

279 669 419 739 ratione
452 666 497 737 iis
528 666 582 735 uti
607 655 708 736 lieet.
766 665 816 738 Ut
845 687 936 738 vero
970 666 1102 736 elarius
1135 673 1321 756 appareat,

281 769 465 864 quomodo
493 767 654 860 singula,
689 789 841 860 quorum
866 767 1012 838 nomina
1038 769 1135 859 apud
1155 769 1322 860 antiquos

280 873 476 964 scriptores
521 870 776 961 reperiuntur,
822 865 1071 940 Romanarum
1115 872 1323 941 fabularum

280 995 416 1067 genera
441 971 536 1041 inter
559 993 600 1041 se
627 970 875 1058 cohaeserint„
915 992 1078 1064 quaeque
1103 974 1150 1042 ad
1176 979 1323 1065 togatas
1447 999 1448 1016 ι

279 1077 499 1167 pertineant,
528 1095 621 1167 qnae
646 1075 692 1142 ab
717 1073 762 1143 iis
787 1074 1012 1165 seiungenda
1037 1075 1124 1162 sint,
1150 1076 1323 1145 universe

280 1177 453 1247 nonnulla
478 1176 525 1246 de
550 1173 799 1246 Romanorum
822 1177 958 1246 fabulis
990 1177 1184 1264 scaenicis,
1221 1181 1321 1246 ante·

280 1301 389 1372 quam
420 1278 537 1369 ipsam
570 1276 847 1368 disputationem
880 1278 927 1347 de
958 1279 1092 1371 togatis
1130 1277 1322 1406 aggredia-

280 1404 378 1468 mur,
412 1380 581 1449 videntur
605 1379 786 1448 monenda
811 1399 904 1450 esse.

303 1499 307 1504 ·
381 1481 606 1570 Papularum
627 1481 875 1550 scaenie‘arnm
901 1481 998 1572 apud
1017 1477 1204 1553 Romanos
1226 1478 1322 1551 aliae

283 1593 387 1656 erant
417 1563 649 1669 Graecae,
669 1582 778 1652 ¹aliae
804 1581 1019 1671 Latinae,
1055 1583 1193 1671 idest,
1226 1582 1323 1672 aliae

283 1682 469 1759 Graecum
482 1675 967 1776 habueruntargnmentnm,
995 1685 1089 1755 aliae
1101 1683 1321 1756 Romanum.

301 1834 304 1844 ·
385 1782 520 1858 Graeci
561 1787 764 1879 argumenti
807 1793 910 1856 erant
944 1788 1208 1880 tragoedia,
1254 1780 1322 1856 ‘eo-

282 1889 484 1975 moedia,
523 1888 975 1980 tragieooomoedia,
1011 1888 1179 1960 mimus.
1250 1885 1322 1958 Mi-
1449 1879 1450 1890 ’

282 2011 424 2063 monum
447 1997 699 2080 argumentum
715 1985 897 2061 Graecum
911 1990 1043 2078 fuisse,
1069 1990 1231 2060 nonnulli
1244 1988 1322 2081 qui·

284 2095 385 2179 dem,
411 2098 452 2161 nt
472 2091 570 2183 Aug.
594 2087 693 2163 Guil.
715 2091 994 2187 Sehlegelius2)
1021 2089 1322 2184 censentium),

284 2202 432 2287 negant.
483 2191 560 2262 Sed
578 2200 678 2264 reete
697 2194 904 2285 suspicatus
931 2201 987 2264 est
1006 2192 1255 2280 Reuvensins,
1279 2191 1323 2262 li·

284 2306 346 2368 eet
375 2295 511 2366 infelici
536 2291 707 2365 successu
738 2317 816 2366 rem
841 2295 1159 2416 demonstransll,
1198 2293 1323 2366 discri-

284 2420 367 2471 men
402 2418 486 2468 esse
509 2399 744 2465 statuendam
778 2398 870 2467 inter
895 2397 1059 2485 mimum,
1093 2398 1153 2488 qui
1178 2396 1325 2489 proprie

285 2500 444 2583 dicatur,
485 2497 597 2567 euius'
603 2505 870 2589 argumentum
901 2499 1011 2570 fuerit
1045 2494 1249 2597 Graecum,
1288 2503 1325 2568 et

280 2591 547 2692 planipedia'm,
583 2619 676 2690 quae
708 2606 745 2669 et
776 2600 857 2690 ipsa
889 2622 937 2669 ex
968 2602 1160 2670 mimorum
1191 2621 1325 2694 genere
1451 2615 1452 2664 ι

287 2709 383 2818 erat,
418 2701 589 2792 ouiueque
616 2712 865 2793 argumentum
891 2710 970 2775 erat
992 2689 1209 2774 Romanum.
1451 2701 1452 2730 l

351 2800 638 2891 Planip'ediam
666 2825 714 2872 ex
738 2804 927 2873 mimorum
948 2826 1082 2898 genere
1102 2804 1235 2890 fuisse,
1263 2823 1324 2892 ap·

287 2903 391 2997 paret
415 2927 464 2974 ex
486 2897 588 2974 Festi
613 2904 715 2974 loeo:
756 2903 1044 2994 „Reoininm,
1085 2929 1191 2975 omne
1216 2904 1324 2974 vesti·

287 3013 447 3077 mentum
466 3007 759 3098 quadratum-
783 3007 879 3077 unde
903 3008 1071 3079 reciniati
1094 3009 1193 3078 mimr
1183 3005 1325 3098 plani·

288 3109 452 3200 pedes;“
485 3114 594 3198 atque
626 3129 674 3178 ex
705 3105 894 3178 Diomedis
928 3108 1118 3207 verbim).
1151 3107 1326 3196 „Quane

287 3210 428 3301 speeies
455 3205 676 3302 (fabularum
692 3208 922 3309 Latinarum)
948 3220 1003 3282 est
1023 3210 1239 3302 planipedis,
1265 3209 1327 3301 qui

289 3308 435 3384 Graece
461 3312 590 3381 dioimr
614 3313 789 3382 mimus.“
839 3312 910 3382 Hie
935 3311 1125 3384 Diomedis
1151 3312 1253 3382 loeus
1277 3308 1326 3380 si·

289 3414 365 3485 mul
389 3413 568 3482 eiusmodi
594 3421 666 3500 est,
705 3420 747 3483 ut
776 3417 1031 3506 grammaticus
1056 3414 1149 3483 inter
1179 3412 1328 3483 mimum

291 3517 343 3584 et‘
358 3515 585 3604 planipedem
616 3515 754 3585 nullum
785 3516 977 3585 discrimen
1011 3521 1170 3585 statuere
1201 3514 1325 3584 videa·

290 3623 367 3701 tur,
398 3616 465 3684 sed
490 3619 735 3686 tantummodo
762 3617 939 3704 indicare,
972 3617 1034 3708 qui
1060 3612 1205 3688 Graece
1230 3614 1326 3685 diea-

291 3723 351 3786 tnr
374 3716 530 3803 mimus,
556 3719 708 3790 eundem
733 3717 865 3789 Latine
891 3719 1064 3810 appellari
1088 3717 1326 3809 planipedem.
1366 3737 1369 3742 ’

263 3817 357 3890 ·Sio
390 3819 498 3888 etiam
528 3819 652 3890 loenm
681 3820 946 3894 intellexerunt⁴
968 3819 1086 3892 Lilins
1125 3814 1327 3912 Gregorius

379 4032 412 4116 2)
434 4035 631 4119 Vorlesungen
652 4038 740 4098 ueber
755 4039 842 4099 nan.
855 4039 951 4098 Kunst
964 4039 1021 4100 und
1036 4038 1107 4099 Lite
1128 4037 1169 4096 Τ
1181 4036 1203 4096 l
1223 4040 1328 4116 pm

294 4122 339 4184 ed.
350 4121 513 4201 upet-
533 4118 568 4204 3)
591 4123 693 4185 desen.
714 4124 766 4184 der
786 4143 874 4184 naen.
895 4124 955 4184 Lit.
975 4144 1005 4205 p.
1019 4129 1058 4187 63
1074 4141 1180 4202 np-
1205 4121 1240 4202 4)
1262 4117 1328 4179 cot-

292 4206 714 4289 leetnn.litt.p.63sqq.-
740 4206 1156 4291 o)111.p.4srap.1>nael.
