2938 4848
156 553 354 632 mutue
403 553 517 637 ouon
546 560 668 628 antem
698 553 747 626 nd
779 551 1023 628 definitionem
1051 555 1193 647 attinet,

155 681 177 730 a
207 656 357 731 Donato
393 659 440 730 de
473 656 681 751 planipedis
714 656 821 729 nobie
855 657 1042 746 traditam,
1084 659 1196 732 simili

153 761 262 832 modo
280 760 382 832 mimi
397 760 614 833 deliniuntur
630 760 676 831 ab
693 757 896 846 Euanthia,
914 759 975 854 qui
990 759 1194 860 sutbuffip

153 859 337 951 „Minoe
370 863 417 933 ab
431 863 613 934 diuturna
637 860 836 932 imitatione
860 861 985 933 vilium
1009 884 1131 934 rerum
1156 870 1195 934 et

152 964 287 1035 levium
319 970 604 1056 personarum.“
660 960 790 1056 Neque
821 962 1001 1056 discrepat
1034 965 1072 1036 ln
1106 965 1194 1036 defi·¹

151 1065 292 1138 denota
311 1065 430 1137 mimis
448 1063 495 1136 ab
514 1063 696 1137 Euanthia
713 1062 931 1153 Diomedes,
957 1065 1061 1138 cuins
1080 1069 1195 1138 verba

151 1184 263 1259 supro
287 1168 490 1254 attulimus,
516 1188 625 1262 quum
644 1167 749 1253 dicit,
775 1167 924 1238 mimum
949 1189 1031 1238 esse
1056 1191 1194 1240 sermo-

150 1269 207 1340 nis
239 1269 430 1342 cuiuslibet
461 1275 599 1339 motum
623 1269 702 1340 sinc
733 1269 956 1356 reverentia,
990 1270 1052 1340 vel
1076 1271 1192 1344 lacto·

148 1391 249 1458 rum,
274 1376 314 1440 et
336 1370 513 1462 turpium,
547 1393 628 1441 cnm
653 1370 805 1440 lascivia
829 1370 1083 1460 imitationem
1123 1395 1193 1446 nec

148 1471 213 1545 Jc.
245 1471 392 1563 Lydus,
420 1473 604 1544 2scribens=
643 1465 830 1565 „Mpalp
852 1513 905 1526 --
929 1468 1099 1565 τεχνικὸν
1122 1469 1194 1568 μὲν

85 1663 88 1670 ¹
150 1569 287 1666 ἔχουσα
320 1567 432 1646 οὐδὲν
464 1565 582 1670 λόγῳ,
614 1566 734 1666 μόνον
764 1569 808 1644 τὸ
833 1573 976 1666 πλῆθος
1000 1569 1193 1676 ἐπάγουσα

148 1671 326 1774 γέλωτι.κ
386 1674 468 1745 Iam
491 1675 602 1767 igitur
625 1674 717 1746 nihil
739 1675 858 1746 minus
883 1684 1043 1767 constet,
1083 1701 1192 1774 quarn

150 1776 381 1870 planipedem
405 1777 515 1848 mimo
539 1776 656 1848 lousa
680 1775 858 1850 viliorem.

249 1927 409 2001 Prorsus
434 1926 615 1999 contraria
638 1917 799 2019 ratione,
834 1935 875 2000 ut
907 1930 980 2002 iam
1012 1931 1191 2026 significa·

147 2028 286 2118 vimus,
323 2031 515 2123 Zieglcrus
547 2031 738 2101 mimorum
764 2039 800 2101 et
824 2031 1113 2126 planipediarom
1139 2037 1191 2110 di·

146 2132 302 2204 scrimen
334 2132 480 2204 indicat.
538 2129 610 2204 Hic
636 2133 730 2203 enim
756 2133 1026 2232 arbitratur²⁹)‚
1053 2140 1098 2234 ab
1123 2139 1191 2212 ini-
1233 2211 1236 2216 .

121 2233 197 2315 ‚tio
224 2234 355 2305 mimos
379 2231 565 2305 Romanos
590 2236 784 2306 sanniones
809 2242 948 2308 tantam
971 2237 1105 2329 friusa,
1130 2243 1192 2335 qui

146 2359 230 2410 cum
255 2335 530 2430 gesticulatione
561 2335 833 2407 vehementiore
858 2339 1036 2430 quaedam
1069 2365 1089 2411 e
1115 2367 1191 2415 mc·

147 2437 208 2508 dio
229 2446 391 2529 sumpta,
417 2437 611 2529 praecipue
628 2437 784 2528 lasciva,
810 2439 1047 2530 imitarentur,
1072 2443 1190 2520 iocos·

146 2561 221 2632 qne,
250 2561 323 2608 non
348 2539 628 2631 praemeditatos
652 2540 866 2632 furrdereotg
901 2544 1035 2624 sensim
1070 2554 1192 2620 tamen

145 2640 183 2710 in
209 2662 381 2712 scaenam
412 2639 636 2712 introductos
663 2664 764 2730 esse,
797 2650 838 2713 at
862 2647 972 2716 modo
998 2647 1190 2740 gesticula-

146 2741 246 2830 tione
272 2742 467 2813 comoedos
493 2743 723 2830 adiuvarent,
760 2747 869 2816 modo
894 2768 960 2839 per
984 2749 1192 2826 fabularum

144 2840 339 2914 intervalla
370 2843 440 2916 soli
472 2844 606 2938 aliquid
641 2867 789 2916 suarum
814 2846 1035 2921 iocationum
1067 2854 1105 2922 in
1132 2878 1189 2925 or·

145 2943 290 3046 chestra
323 2953 491 3038 agerent,
529 2969 572 3016 ao
608 2953 693 3017 tunc
729 2948 873 3019 demum
904 2955 1190 3042 praestantiores
1305 2993 1307 2998 ·

145 3069 274 3118 eorunm
300 3045 433 3118 Latino
466 3048 611 3118 nominc
642 3049 852 3142 planipedes
877 3055 1005 3125 vocari
1040 3066 1190 3151 coeptos

145 3171 249 3236 csse,
273 3147 403 3219 latiore
423 3149 613 3220 mimorum
629 3152 775 3221 nomine
799 3175 876 3223 non*
890 3139 1046 3228 sublato.
1082 3159 1189 3232 Hanc

145 3249 307 3342 Ziegleri
340 3251 545 3342 opinionem
579 3274 628 3322 ex
659 3254 779 3347 aliqua
810 3263 912 3346 parte
934 3260 1065 3349 probat
1089 3259 1188 3333 Ren-

143 3351 363 3448 venstusffl).
415 3353 527 3431 Quod
552 3353 701 3426 adrem
725 3364 887 3426 nostram
910 3360 1083 3449 pertinet,
1116 3365 1187 3454 pri-

145 3475 244 3524 mum
277 3453 366 3525 illud
392 3453 487 3525 falso
521 3456 690 3527 statuitur
723 3480 746 3527 a
766 3457 959 3552 ,Zieglerm
995 3463 1201 3546 mimorum,

145 3574 277 3626 nomen
298 3562 382 3625 ante
404 3558 501 3648 apud
518 3555 705 3630 Romanos
724 3567 936 3654 usurpatum
956 3587 1055 3653 esse,
1079 3589 1188 3661 quam

231 3768 286 3852 28)
315 3773 356 3833 de
375 3773 523 3834 Fabula.
574 3775 667 3858 Vulgo
690 3777 731 3856 de
752 3779 968 3863 Tragoedia
991 3789 1026 3843 et
1047 3786 1187 3850 Gomoa-

146 3855 211 3918 dia.
264 3855 316 3916 De
351 3855 487 3918 Fabula
522 3860 656 3920 Euanthii
685 3866 991 3928 commentatiunculam
1024 3869 1188 3952 inscriptam

145 3939 248 4013 fuisse,
272 3961 310 4001 ex
323 3940 426 4001 Rufino
449 3952 581 4022 apparet,
602 3968 631 4026 p.
646 3952 726 4009 2705
743 3969 789 4028 op.
806 3949 922 4011 Putsch.
966 3951 1010 4012 cf.
1026 3955 1098 4016 God.
1110 3959 1187 4040 Aug.

145 4025 291 4086 Benedici.
313 4025 449 4087 Wolffins
474 4030 615 4089 decant.
642 4031 670 4090 in
692 4033 774 4093 Rom.
802 4032 859 4095 fab.
881 4056 958 4096 scen.
980 4043 1082 4116 p.15;
1112 4041 1187 4105 Lud.

147 4110 314 4191 Schopenns
336 4112 451 4171 ioMuu.
473 4114 564 4175 Rhea.
586 4115 626 4174 T.
638 4116 662 4176 l.
682 4139 710 4196 p.
727 4123 799 4180 151.
821 4153 864 4166 -
887 4118 941 4204 29)
964 4122 999 4183 de
1013 4124 1185 4190 Mimllom.
1234 4144 1237 4150 '

147 4215 174 4273 p.
190 4203 219 4268 8,
242 4202 272 4270 93
296 4203 345 4269 11,
369 4205 419 4269 12,
442 4204 493 4260 1⁸.
519 4231 562 4244 -
589 4197 644 4280 ilo)
666 4203 820 4265 Gollcetaua
842 4204 897 4268 litt
917 4213 998 4287 pud
1012 4227 1072 4288 sqq.
