2932 4842
1120 355 1202 434 105

158 534 195 594 acl
215 531 309 592 rim
329 547 502 612 propenens,
532 530 585 592 sul
604 529 807 592 meticulosus:
838 525 1021 611 Spurius'ita
1041 530 1201 592 cenelmtur

157 617 194 679 ml
208 617 345 699 proelium
360 617 527 693 ineundum,
547 621 741 700 utltanuam
760 616 839 680 velas
861 635 962 696 aquas,
983 617 1117 680 naseu
1139 623 1202 679 tan·

158 710 216 764 mm
236 704 333 775 ltestc,
360 721 419 762 nen
439 701 588 764 sulcante
594 744 603 774 ,
631 721 753 782 propere
772 700 910 786 mugire

657 837 704 897 lV.

241 939 345 997 Festus
371 958 401 998 v.
423 935 552 1009 Salax,
583 937 698 1020 Fragm.
720 959 748 1018 p.
762 941 801 1000 5³
833 938 877 999 etl.
899 938 1019 999 Ducem:
1051 935 1200 1010 „Selnx‚

157 1024 224 1084 lane
245 1042 357 1093 crassa,
380 1028 410 1083 ct
431 1041 532 1101 pecus,
554 1023 628 1102 qued
649 1024 754 1102 passim
775 1024 900 1103 pascitur
921 1045 978 1083 nen
1000 1029 1115 1083 tectum.
1148 1022 1201 1082 Ti-

158 1107 247 1168 tiuius
269 1107 298 1166 in
319 1107 474 1166 Baratlre:

208 1191 290 1285 Ege
317 1193 360 1262 ab
386 1192 501 1262 soloci
524 1193 607 1262 ltua
632 1195 680 1264 ud
703 1183 901 1284 purpurium
927 1194 1050 1262 data.“

158 1295 350 1354 Barathrc.
386 1293 501 1375 Fragm.
523 1294 687 1354 Barratc.
710 1292 892 1353 —‘selcei
912 1294 1005 1353 lana.
1048 1291 1098 1352 Sic
1120 1290 1202 1351 metri

158 1379 256 1461 gratia
276 1379 425 1460 legendum
447 1379 558 1439 videtur
577 1399 639 1438 eum
653 1379 793 1439 Mercurio
815 1380 851 1438 ad
866 1379 939 1438 Non.
962 1385 1019 1457 p.3
1043 1385 1073 1438 ct
1086 1377 1200 1438 Bethiu.

159 1464 262 1524 Editur
290 1464 375 1522 lana
405 1462 533 1524 seleci.
584 1465 644 1524 Nee
676 1471 769 1526 umen
796 1464 868 1524 male
895 1463 1049 1524 Turnebus
1080 1463 1201 1523 Advers-

158 1549 268 1612 XXlX.
294 1555 310 1608 1
355 1550 431 1630 Ege
458 1549 499 1608 ab
520 1549 603 1609 lana
629 1549 745 1609 seleei
773 1549 815 1609 ad
836 1568 957 1628 puram
979 1548 1071 1608 data.
1113 1547 1201 1607 Paul·

157 1635 203 1694 lus
231 1653 270 1693 ex
294 1634 395 1692 Festa:
429 1633 584 1705 ‚,Salox,
615 1634 681 1694 lana
702 1654 813 1706 crassa,
844 1634 888 1696 vel
909 1653 995 1714 pecus
1016 1635 1083 1693 lana
1104 1640 1201 1692 eante·

160 1728 244 1778 etum.
276 1718 419 1777 Titinius:
442 1718 543 1777 Lana
565 1719 680 1778 seleei
703 1719 745 1778 ad
766 1738 953 1799 purpuram
975 1718 1097 1778 data.“
1127 1717 1201 1778 Hine

159 1804 240 1864 Festi
260 1804 361 1874 verbe,
394 1823 466 1880 quae
487 1802 637 1863 manifesta
659 1812 793 1884 corrupta
813 1810 893 1876 sunt,
925 1804 967 1863 ita
992 1803 1058 1862 milri
1077 1803 1202 1884 legenda

160 1889 305 1951 videntur:
339 1888 467 1959 Salax,
500 1889 582 1948 lana
610 1909 747 1960 crassa,
781 1896 816 1948 et
843 1907 965 1967 pceus,
997 1887 1088 1967 qued
1118 1888 1202 1948 lana

160 1974 328 2055 pascitur
350 1980 566 2044 contectum,
594 1973 622 2031 id
644 1981 702 2045 est,
732 1974 815 2033 solox
837 1971 890 2054 (se.
912 1970 991 2054 lana)
1014 1972 1116 2032 dieitur
1136 1972 1203 2031 lana

161 2079 274 2130 crasse,
306 2063 335 2116 ct
356 2058 440 2116 salex
462 2055 516 2136 (se.
539 2055 638 2139 pecus)
661 2058 763 2118 dicitur
784 2079 885 2139 pecus,
917 2060 991 2135 qued
1018 2063 1075 2117 ete.
1121 2056 1203 2117 Unde

161 2143 344 2225 intelligitur,
373 2163 428 2201 nen
451 2163 515 2202 esse
536 2143 791 2225 interpungendum
813 2164 875 2203 cum
897 2144 999 2203 Buthie
1021 2143 1137 2202 Salax
1156 2141 1204 2201 la·

161 2249 218 2300 na,
247 2241 389 2299 cressa,
418 2236 517 2308 etp,
551 2229 632 2308 quusi
653 2229 759 2288 salex
780 2229 864 2288 luna
885 2227 1028 2310 significet
1048 2228 1134 2289 etiam
1155 2245 1204 2307 pc·

163 2333 227 2385 eus,
256 2311 330 2392 qued
353 2319 408 2372 etc.

672 2448 707 2508 V.

248 2551 351 2608 Festus
372 2567 400 2609 v.
416 2549 583 2608 Tanaum:
606 2551 780 2622 „Tessam
803 2550 844 2608 ait
858 2550 954 2611 vacam
970 2549 1087 2608 Sinnius
1104 2547 1206 2626 Capita

162 2635 334 2705 vehiculum,
356 2651 410 2712 que
435 2635 555 2694 exuviae
577 2635 692 2694 dearum
713 2635 827 2694 ludicris
850 2635 1031 2694 Circensibus
1052 2634 1081 2692 iu
1104 2632 1207 2692 circum

164 2721 201 2780 ad
228 2720 357 2799 pulvinar
388 2721 536 2779 vehuntur.
579 2721 647 2779 Fuit
668 2727 698 2780 et
719 2740 756 2778 ex
778 2721 880 2792 ebera,
911 2727 945 2779 ut
971 2720 1045 2803 apud
1066 2717 1207 2778 Titinium

165 2807 194 2864 iu
216 2805 357 2877 Barlata;
385 2811 415 2864 ct
436 2824 474 2864 ex
495 2808 655 2886 argento..“
1190 2837 1192 2842 ,

249 3038 415 3100 Priscianus
446 3039 495 3100 vl.
516 3048 547 3104 7.
570 3049 620 3104 36.
651 3064 679 3121 p.
702 3049 764 3105 694
793 3061 838 3122 ap.
865 3042 1000 3102 Putrem:
1031 3039 1126 3113 „Uni
1155 3058 1209 3119 pra

169 3127 273 3187 unius
295 3126 423 3184 Titinius
445 3125 474 3184 in
496 3127 636 3186 Barbatc:
903 3146 907 3158 ¹
1253 3139 1256 3144 '

217 3211 328 3290 (laed
352 3211 497 3304 quidem
528 3213 591 3303 pol
622 3212 751 3282 mulier
776 3209 878 3281 dicit:
919 3206 1116 3300 „Namque
1147 3207 1213 3278 uni

702 3314 833 3405 collegi
858 3317 1027 3383 sumus.“

168 3413 274 3474 Eadem
296 3420 411 3473 exstant
431 3413 480 3472 Vl.
505 3420 554 3474 16.
570 3419 620 3475 82.
643 3435 670 3492 p.
686 3420 748 3476 7¹7
766 3435 810 3494 ap.
828 3414 960 3486 Putsclr.,
982 3413 1037 3471 nisi
1059 3410 1134 3490 qued
1155 3411 1211 3470 lnce

168 3498 232 3558 lece
253 3507 299 3558 est
320 3499 417 3557 dicct
438 3518 489 3577 pre
512 3498 609 3557 dicit.
654 3499 752 3578 Stcplr.
782 3500 867 3558 habet
894 3498 993 3558 dicit.
1036 3498 1143 3556 Versus
1165 3503 1210 3554 cst

170 3590 365 3664 asynartetus‚
398 3590 532 3642 constans
554 3603 590 3641 ex
613 3583 677 3642 dim.
700 3586 789 3644 trech.
812 3592 841 3645 et
863 3584 927 3642 dim.
958 3583 1056 3656 lamb„
1088 3582 1135 3662 qui
1155 3581 1210 3653 lic,

170 3669 218 3728 ubi
239 3668 311 3728 alius
332 3687 472 3747 personae
493 3669 580 3764 verba
601 3667 774 3744 efferuntur,
804 3669 947 3750 aptissime
964 3675 1125 3749 usurpatur.

661 3805 724 3864 Vll.

194 3939 197 3958 ·
255 3906 400 3968 Charisius
422 3906 458 3965 ll.
480 3927 508 3984 p.
527 3913 585 3968 181
609 3926 655 3986 ap.
677 3907 811 3967 Putsch.:
844 3908 1042 3980 „lnauratc
1071 3924 1124 3985 pre
1154 3923 1211 3964 acu
1274 3941 1276 3950 ,

172 4000 281 4052 aurate.
326 3991 455 4051 Titinius
476 3991 504 4049 in
525 3992 681 4050 Barathre:

400 4118 451 4130 --
475 4075 676 4148 quuratac
702 4068 812 4171 etque
836 4075 984 4148 illectae
1009 4072 1181 4146 mulieris.
1191 4076 1215 4114 ‘⁶

172 4179 345 4240 ¹lnaurste
372 4199 436 4259 pre
467 4197 537 4240 neu
568 4184 706 4240 aurate.
750 4179 801 4239 Sic
826 4177 911 4252 llas,
939 4185 969 4238 et
995 4177 1037 4237 sie
1063 4174 1213 4256 legendum
