2938 4848
1146 359 1203 440 69

156 543 348 627 rideretur,
376 539 486 614 etiam
507 561 574 633 per
593 559 635 612 sc
655 537 893 632 improbabile
911 544 977 624 ost,
996 533 1201 625 Romanos,

156 645 220 738 qui
245 645 412 716 versibus
437 642 692 729 Fescenninis,
719 641 872 726 saturis,
898 639 1016 712 mimis
1043 640 1201 712 delecta·

153 753 297 830 rentur,
329 745 508 827 iuventuti
533 765 624 816 roae
649 744 794 834 fabulas
819 743 1011 838 Atellanas
1034 743 1203 832 agendas

153 849 405 931 concederent,
430 867 590 939 unquam
610 847 816 918 fabularum
835 865 952 938 genus
972 844 1086 916 ullum
1099 842 1201 914 then·

152 959 208 1020 tro
235 950 422 1038 iudignum
435 948 619 1020 babuisse.
655 947 735 1017 Nec
752 947 868 1038 magis
883 944 1115 1018 Reuvensius
1130 941 1196 1036 444)

152 1049 355 1119 audiendus
391 1053 465 1132 e'st,
505 1049 623 1117 verba
653 1040 676 1137 ἢ
702 1043 929 1137 θεατρικὴ
953 1043 1078 1134 spuria
1104 1043 1196 1114 iudi·

152 1173 251 1236 cans,
278 1150 357 1234 sed,
383 1148 416 1218 si
440 1149 526 1240 quid
552 1148 633 1218 sani
657 1147 717 1218 bic
734 1146 879 1237 Lydum
901 1147 1096 1237 protulisse
1118 1168 1195 1216 cre·

151 1253 237 1322 dere
263 1252 322 1322 las
349 1257 415 1337 est,
441 1250 653 1342 legendum:
691 1299 715 1336 „
730 1241 967 1342 Ταβερναρία
993 1242 1035 1318 δὲ
1058 1241 1082 1337 ἡ
1108 1267 1197 1339 σκη-

151 1347 253 1444 roal,
279 1346 458 1443 θεατρικὴ
484 1346 706 1445 κωμῳδίαέ(
749 1353 928 1442 §monto
948 1357 1004 1420 est
1025 1351 1194 1420 tabernas

150 1465 355 1539 exstruere,
381 1461 418 1524 et
443 1449 612 1545 σκηνωτὴ
637 1448 817 1544 θεατρικὴ
840 1446 1022 1544 κωμῳδία
1052 1458 1108 1522 est
1133 1474 1194 1520 co·

148 1555 307 1642 moedis,
333 1577 439 1648 quac,
466 1557 553 1626 dum
573 1561 758 1647 spectatur
777 1556 813 1624 in
828 1554 990 1640 thoaba,
1007 1554 1045 1626 ia
1059 1575 1195 1624 scaeua

148 1660 321 1728 tabernas
354 1657 464 1728 habet
498 1665 720 1742 exstructae,
753 1658 790 1726 id
817 1664 890 1743 est,
917 1679 983 1747 per
1006 1655 1111 1726 omas
1136 1677 1193 1726 rc-

148 1759 477 1851 praesentationem
515 1780 650 1829 scaena
691 1761 851 1830 tabernis
892 1765 950 1830 est
971 1759 1195 1846 deformato,

148 1862 229 1932 sive
256 1861 293 1930 in
320 1881 393 1952 qua
417 1860 582 1931 homines
607 1860 836 1948 humiliores,
872 1861 933 1953 qui
960 1859 996 1930 in
1022 1860 1196 1948 tabernis,

147 1963 186 2034 id
208 1970 277 2046 est,
303 1963 469 2033 domibus
490 1962 642 2053 privatis
663 1985 707 2033 ao
727 1964 863 2055 parvis,
884 1962 1059 2047 habitant,
1081 1963 1196 2032 intro·

148 2067 341 2136 ducuntur.
392 2063 488 2135 Nam
514 2065 668 2136 alterum
694 2087 743 2134 ex
767 2067 882 2136 altero
907 2064 1081 2155 sequitur,
1108 2085 1197 2156 quo·

147 2168 246 2237 niam
263 2189 398 2237 scaena
415 2166 579 2257 personis
595 2168 825 2238 actitantibns
836 2167 1059 2258 respondere
1073 2167 1193 2238 debet.

148 2266 199 2340 Ut
230 2279 353 2340 autem
383 2267 527 2358 Lydum
559 2270 612 2340 sic
652 2271 877 2360 corrigamus
911 2278 946 2338 et
981 2268 1192 2360 interprete·

147 2393 247 2454 mur,
280 2394 354 2440 non
380 2373 512 2452 desunt
535 2373 640 2442 nobis
666 2380 846 2442 auctores.
896 2369 1099 2442 Diomedes
1113 2366 1193 2466 444),

148 2475 253 2544 cuius
278 2474 392 2542 verba
416 2473 547 2564 repetit
572 2472 773 2544 Rhabanus
798 2471 952 2544 Maurus
967 2469 1033 2569 145)
1042 2481 1058 2543 :'
1087 2471 1188 2559 „Sc-

148 2577 269 2644 cunda
301 2575 442 2665 specics
468 2582 726 2667 togatarum,“
751 2576 884 2668 inquit,
919 2591 1046 2666 „quae
1071 2576 1190 2646 taber·

147 2679 274 2746 uariae
306 2677 491 2764 dicuntur,
530 2677 732 2749 bumilitate
758 2701 996 2768 personarum
1021 2684 1058 2748 et
1083 2700 1191 2769 argu·

146 2787 352 2848 mentorum
376 2779 608 2850 similitudine
634 2781 830 2850 comoediis
856 2803 976 2872 pares,
1001 2781 1193 2872 inquibus

147 2903 221 2980 non
246 2881 481 2972 magistratus
510 2904 708 2974 regesque,
748 2885 814 2953 sed
844 2882 1001 2953 humiles
1025 2881 1191 2952 homines

148 2993 186 3052 et
217 2983 381 3072 privatae
415 2984 545 3054 domus
571 2985 808 3072 inducuntur3
846 3005 939 3076 quae
972 2985 1067 3075 quod
1104 2983 1190 3054 olim

147 3085 281 3155 tabulis
307 3093 531 3175 tegerentur,
563 3088 801 3156 communiter
826 3086 1054 3156 tabernariae
1080 3107 1189 3156 voca·

147 3187 317 3256 bantur.“
357 3184 528 3258 Osanuus
544 3187 607 3284 446)
636 3187 731 3258 huuc
750 3189 871 3258 locuni
892 3190 1088 3258 admodum
1110 3209 1189 3256 cor·

147 3298 293 3378 ruptum
310 3288 406 3375 dicit,
427 3289 583 3380 Bolbius
598 3286 676 3386 147),
704 3287 1189 3380 Osannumreprehendeus,

148 3389 388 3460 sanissimum.
441 3391 573 3469 Qualis
598 3392 706 3462 bodie
733 3401 787 3462 est
812 3393 933 3477 locus,
968 3389 1189 3462 tabernaria·

147 3513 228 3562 rum
248 3514 392 3578 nomen,
418 3493 502 3564 licet
524 3495 779 3585 grammaticus
793 3494 830 3564 id
850 3495 1042 3584 manifesto
1064 3493 1189 3563 volue-

148 3593 212 3678 rit,
254 3615 299 3662 eo
331 3617 405 3664 non
437 3596 648 3685 explicatur.
700 3594 793 3666 Nam
827 3598 888 3686 qui
912 3597 997 3666 inde
1023 3598 1189 3666 taberna·

148 3696 224 3765 riae
250 3697 376 3765 vocari
401 3699 593 3787 potuerint,
618 3699 714 3791 quod
741 3700 904 3789 privatae
929 3701 1070 3787 domus,
1096 3717 1192 3789 quac

115 3941 118 3946 ’
235 3928 311 4011 143)
335 3931 493 3992 collectan.
514 3932 569 3994 litt.
590 3956 618 4013 p.
634 3940 675 3996 50
691 3952 733 4012 sq.
756 3967 797 3978 —-
832 3933 907 4016 144)
931 3935 980 3993 ΙΙΙ.
1013 3957 1039 4012 p.
1059 3940 1121 3994 487
1143 3953 1189 4012 ap.

149 4015 265 4075 Pntscb.
290 4049 332 4062 -
363 4015 438 4097 146)
461 4019 497 4076 de
525 4019 587 4077 Art
615 4040 733 4100 gramm.
761 4020 807 4089 ll.,
835 4020 905 4099 tlpp.
933 4021 972 4078 T.
990 4020 1013 4076 Ι.
1040 4041 1067 4097 p.
1083 4026 1124 4080 47
1146 4018 1190 4076 ed.
1216 4033 1218 4038 ·

150 4101 252 4160 Calon.
280 4134 323 4146 -·-
358 4103 434 4184 146)
456 4104 584 4164 Anuleet.
606 4105 669 4164 crit.
691 4127 718 4184 p.
733 4112 783 4166 68.
810 4135 852 4148 ·-
887 4101 961 4186 147)
985 4104 1106 4163 Comicc.
1124 4101 1192 4162 bot

151 4183 283 4268 frugum.
305 4207 335 4266 p.
348 4191 419 4250 166.
