2938 4848
265 388 321 464 28

365 566 419 637 At
432 566 544 637 multo
563 566 681 637 minua
695 573 944 658 praetextatae
961 565 1172 639 comoediae
1187 566 1305 638 fuisse

265 670 446 760 putandae
479 677 572 740 sunt.
636 668 731 741 Nam
764 668 953 740 comoedia
987 689 1129 760 semper
1168 667 1307 760 aliquid

162 773 165 782 '
266 771 425 858 ridiculi,
461 792 532 863 quo
558 771 636 861 ipso
661 771 788 841 fabula
813 771 1002 841 comoedia
1024 770 1082 856 fit,
1119 771 1306 840 continere

266 873 385 942 debet.
437 870 580 949 Quodsi
610 872 773 942 honines
798 871 1018 963 praetextati
1049 873 1086 941 in
1114 871 1306 942 comoedia

266 981 388 1045 essent
417 974 695 1064 repraesentati,
736 974 773 1043 hi
805 975 914 1045 etiarn
945 973 1035 1044 risui
1059 980 1307 1064 spectatorum

265 1074 423 1167 expositi
453 1085 591 1163 carent,
630 1077 728 1168 quod
754 1075 995 1167 optimatium,
1028 1075 1089 1167 qui
1115 1082 1308 1165 poetarum

265 1177 550 1269 histrionumque
582 1177 762 1246 licentiam
790 1177 981 1247 coercendi
1005 1177 1214 1247 facultatem
1240 1175 1306 1245 ha·

264 1277 516 1370 baernum),
570 1279 750 1348 maiestati
797 1287 986 1370 repugnat.
1059 1275 1187 1369 Neque
1229 1279 1306 1348 fra·

201 1467 202 1472 ἵ
266 1388 421 1473 gmenta,
443 1402 536 1472 quae
552 1381 657 1449 nobis
672 1387 818 1450 servata
838 1388 921 1450 sunt
938 1403 985 1449 ex
999 1380 1180 1450 nonnullis
1200 1401 1306 1469 prae·

266 1483 393 1568 textis,
427 1483 513 1550 talia
539 1487 638 1567 sunt,
672 1491 712 1550 ut
737 1483 944 1552 comoedias
969 1483 1133 1570 prodant.

367 1583 474 1660 Quae
500 1583 553 1652 sic
571 1584 650 1653 fere
677 1605 723 1652 ex
749 1585 829 1671 epla
845 1583 1097 1674 probabilitate
1115 1580 1306 1672 proposui·

265 1707 364 1769 πιιιε,
406 1686 533 1754 eadem
574 1683 828 1754 confirmantur
866 1683 1044 1754 Pollionis
1082 1683 1305 1779 verbisfflm

265 1786 368 1875 „Illa
383 1809 470 1855 vero
486 1786 627 1854 iarn-ne
645 1783 815 1856 Caesaris
831 1787 974 1878 quidem
993 1785 1179 1876 exemplo,
1206 1784 1308 1876 quod

268 1887 441 1983 (Bainun,
482 1885 660 1958 Pollionis
700 1897 868 1979 quaestor
906 1890 943 1957 in
976 1887 1169 1982 Hispania)
1207 1886 1307 1956 ludis

265 1998 489 2082 praetextam
524 1991 569 2058 de
602 2011 670 2059 suo
702 1990 829 2059 itinere
857 1993 903 2059 ad
928 1989 973 2060 L.
1001 1988 1197 2059 Lentulum
1218 2010 1307 2078 pro-

267 2093 452 2164 consulem
473 2091 737 2161 sollicitandum
758 2091 889 2181 poenit.
941 2090 989 2162 Et
1006 2093 1167 2183 quidem,
1194 2112 1308 2182 quum

266 2200 453 2286 ageretur,
488 2193 606 2280 flevit,
648 2194 821 2262 memoria
852 2199 1181 2284 rerumgestarum
1208 2214 1306 2260 corn·

265 2301 431 2367 motus.“
481 2294 552 2368 Hic
579 2294 716 2365 Balbus
743 2292 945 2368 Gaditanus
971 2295 1105 2380 minor,
1140 2291 1185 2362 L.
1214 2291 1306 2362 Cor-

266 2397 352 2468 nelii
383 2397 509 2481 Balbi,
552 2418 618 2487 pro
652 2419 723 2489 quo
757 2396 887 2469 Cicero
926 2398 1142 2481 orationem,
1186 2393 1307 2463 adhuc

265 2499 467 2584 residuam,
493 2497 635 2585 habuit,
661 2499 783 2569 fratris
808 2497 921 2586 filius,
956 2499 1002 2568 ad
1026 2497 1071 2567 L.
1094 2494 1306 2567 Cornelium

265 2600 479 2686 Lentulum,
504 2600 619 2690 primo
640 2600 725 2669 belli
750 2599 866 2670 civilia
892 2622 986 2669 anno
1013 2599 1216 2684 consulem,
1242 2597 1307 2688 qui

265 2698 499 2792 Pompeium,
526 2702 563 2770 in
591 2697 784 2772 Graeciam
809 2703 1054 2787 recedentem,
1092 2708 1169 2771 erat
1194 2699 1305 2769 eomi-

267 2811 380 2890 tatua,
415 2810 457 2872 ut
482 2803 578 2873 hunc
603 2826 626 2873 a
651 2801 817 2894 Pompeii
843 2803 1093 2874 coniunctione
1120 2807 1304 2888 avocaret,

267 2927 290 2976 a
316 2902 359 2975 (i.
379 2901 653 2992 dulliacum,
688 2927 711 2974 a
737 2905 838 2976 cuius
865 2906 1026 2996 partibus
1051 2906 1187 2991 stabat,
1221 2902 1305 2972 mis·

267 3029 330 3078 sus
345 3015 447 3078 erat.
484 3005 559 3077 Sed
585 3030 625 3077 re
650 3007 785 3077 infecta
809 3004 1052 3101 redierat104).
1091 3006 1173 3076 Iam
1198 3026 1304 3075 nemo

267 3130 340 3179 non
355 3109 470 3196 videt,
487 3109 596 3179 vilius
610 3110 757 3180 fabidae
775 3117 1023 3201 argumentum
1038 3109 1171 3193 fuisse,
1196 3127 1304 3197 quam

268 3212 365 3302 quod
395 3211 607 3303 tragoediae
639 3212 818 3304 gravitate
844 3212 990 3303 dignum
1023 3217 1130 3280 esset.
1180 3206 1305 3278 Minus

266 3333 356 3382 vcro
380 3313 506 3384 fabula
532 3314 720 3383 comoedia
746 3336 827 3383 esse
852 3313 985 3403 potuit,
1018 3332 1127 3403 quum
1153 3309 1304 3396 Balbus,

268 3414 353 3483 dum
384 3421 539 3506 spectat,
573 3437 647 3484 non
673 3415 952 3503 adridendum,
985 3414 1050 3484 sed
1072 3411 1123 3482 'ad
1147 3412 1305 3481 flendum

268 3523 548 3586 commoveatur.

370 3616 480 3695 Quod
520 3617 628 3710 igitur
668 3619 715 3688 ad
749 3641 986 3710 personarum
1020 3615 1306 3686 introductarum

268 3718 479 3811 dignitatem
497 3719 783 3812 gravitatemque
805 3721 949 3808 attinet,
975 3719 1123 3790 fabulae
1139 3723 1305 3809 praetex-

354 3950 428 4033 102]
457 3953 502 4014 Cl'.
525 3957 644 4016 Sueten.
666 3956 765 4018 octav.
782 3957 873 4016 XLV.
902 3990 946 4002 —-
979 3951 1054 4036 103)
1082 3953 1111 4012 ἰιι
1133 3953 1193 4013 cie.
1215 3951 1305 4031 Epist.

268 4039 305 4100 ad
326 4035 392 4098 lam.
406 4038 444 4096 X.
468 4048 517 4103 ³2.
548 4073 589 4086 -
624 4039 699 4121 104)
725 4043 807 4102 Vidd.
830 4049 943 4123 praeter
964 4042 1037 4100 lianc
1056 4040 1143 4120 ipsam
1169 4035 1308 4096 Pollionis

269 4123 416 4272 ffagello·
437 4125 498 4186 cic.
526 4126 562 4187 ad
577 4127 637 4186 att.
659 4126 734 4188 vlit
757 4135 776 4192 9
803 4135 833 4189 et
857 4136 910 4200 11,
945 4125 996 4188 lx.
1019 4123 1162 4198 631Vcll.
1180 4122 1308 4184 'Paterc-
