2938 4848
234 356 321 434 'ld

268 556 402 607 nomen
428 532 550 608 efficit
588 531 684 607 Nam
702 535 1004 629 quemadmodum
1025 539 1310 635 mpeoconoe

268 637 331 710 dia
362 643 420 708 est
451 637 658 726 comoedia,
694 638 811 710 cuius
829 647 1080 734 argumentum
1112 650 1168 718 est
1198 641 1310 736 tragi-

269 761 369 828 cum,
394 738 449 810 sic
466 733 766 837 ἱλαροτραμῳάία
789 740 880 812 nihil
899 743 998 816 alind
1019 741 1222 837 significare
1243 765 1309 836 po·

268 848 356 928 test,
394 840 466 910 nisi
495 841 741 934 tragoediam,
778 842 887 914 hilari
916 835 1040 917 modo
1059 845 1310 937 compositam,

267 944 347 1016 sive
366 942 548 1029 fabulam,
574 943 614 1012 in
638 965 728 1035 qua,
753 944 857 1015 utin
880 945 1221 1039 tragicocomoedia,
1246 969 1311 1020 res

267 1045 429 1137 tragicae
468 1043 621 1115 ioculari
651 1045 793 1117 ratione
823 1053 1160 1138 repraesentantur3
1196 1047 1309 1142 idque

267 1171 308 1218 re
333 1168 424 1217 vera
446 1145 585 1217 lactum
610 1168 710 1234 esse,
737 1152 915 1219 testantur
939 1147 1147 1241 Stephanus
1161 1148 1308 1240 Byzan·
1345 1216 1349 1224 .

266 1250 339 1320 tius
365 1254 403 1318 et
426 1246 656 1336 Enstethius,
681 1268 834 1340 quorum
849 1247 1025 1344 prior⁴⁹lr
1051 1243 1309 1349 „liusypolpop-
1386 1285 1389 1292 ¹

267 1357 389 1436 σαν,“
412 1349 544 1443 inquit,
575 1345 800 1435 ,,πολλοὶ-
813 1345 877 1421 καὶ
892 1345 1057 1426 Ῥίνθων
1080 1353 1309 1448 Ταραντῖνος

266 1446 408 1550 φλάαξ,
439 1446 489 1522 τά
508 1444 668 1578 τραμικά
687 1447 1002 1546 μεταῤῥαθράζων
1029 1453 1081 1534 sic
1105 1454 1308 1580 psioiov,·“

266 1550 522 1648 posterior⁵⁰lr
547 1552 743 1638 „desider
768 1553 825 1650 (lx
841 1547 1048 1651 Τάραντος)
1070 1548 1114 1627 δι
1136 1548 1201 1627 καὶ
1209 1549 1308 1628 Ῥίν-

266 1656 355 1728 θων
374 1647 442 1748 ἦν,
477 1649 496 1725 ὃ
518 1647 802 1747 ἐπικαλούμενος
824 1647 966 1751 φλάοιξ,
998 1653 1118 1756 ἤμουν
1140 1647 1307 1753 φλύαρος

266 1753 575 1848 ὑποκοριστικῶς,
611 1750 663 1835 ὥς
681 1751 734 1826 sci
757 1752 915 1854 τραγικά
942 1759 993 1838 είς
1019 1759 1146 1856 μολοῖα
1171 1759 1307 1852 μεταρ-

267 1853 467 1954 ραθμίζων
490 1852 554 1928 καὶ
578 1852 722 1945 παίζων
748 1857 790 1929 ἐν
812 1854 856 1930 οὗ
877 1861 1061 1945 παικτοῖς,
1096 1854 1189 1930 ἄλλά
1210 1864 1307 1954 φλυ-

267 1965 373 2058 αρῶν
397 1957 619 2050 άντικρυς.“
666 1957 796 2053 Neque
820 1961 867 2030 ab
888 1959 945 2032 his
960 1959 1304 2053 discrepatSuidas,

267 2065 446 2137 scribens:
480 2055 711 2146 »Ῥίνθων
736 2063 962 2155 Ταραντῖνος
980 2057 1163 2156 κωμικὸς,
1190 2059 1306 2159 ἀρχη-

266 2162 332 2266 γὸς
361 2168 425 2258 τῆς
443 2158 670 2254 καλουμένης
695 2158 1031 2262 ἱλαροτραμῳδίας,
1063 2159 1188 2258 ἥέστι
1209 2167 1306 2260 φλυ-

267 2259 498 2366 ακογραφία·
531 2259 612 2344 υίὸς
631 2259 672 2336 δὲ
692 2256 741 2358 ἦν
760 2261 964 2359 κεραμέως,
989 2259 1054 2337 καὶ
1072 2260 1224 2390 μέμονεν
1245 2258 1306 2335 ἐπὶ

266 2375 336 2443 τοῦ
355 2361 507 2464 πρώτου
526 2360 781 2459 Πτολεμαίου·
815 2357 992 2460 δράματα
1012 2359 1053 2438 δὲ
1078 2370 1195 2438 αυτοῦ
1214 2389 1305 2462 τρα-

266 2465 353 2573 pred
374 2464 438 2542 καὶ
456 2459 603 2561 κωμικὰ
623 2459 723 2561 λή,·“
748 2467 785 2536 in
806 2468 935 2560 quibus
956 2460 1132 2563 δράματα
1148 2461 1306 2566 τραγικά

266 2568 331 2648 καὶ
347 2563 493 2663 κωμικὰ
514 2569 707 2641 manifesto
729 2577 813 2639 suut
826 2563 1156 2668 itepospoytpdior,
1182 2590 1303 2663 quem·

267 2672 464 2748 admodum
494 2669 648 2743 Plautus
679 2669 982 2762 Amphitruonem
1015 2693 1120 2742 suam
1153 2693 1202 2743 ex
1232 2677 1304 2740 tra·

267 2777 402 2874 goedia
434 2780 471 2845 et
503 2773 694 2845 comoedia
725 2773 949 2845 commistam
981 2769 1142 2870 dixit51).
1191 2769 1304 2846 Proe-

351 2992 407 3077 49)
429 3015 457 3055 v.
470 2983 587 3073 Τάρας.
606 3023 651 3036 -
678 2988 733 3073 50)
754 2991 792 3051 cd
804 2990 923 3070 Dionys.
936 2990 1164 3072 Periegstdld.
1184 3021 1227 3040 -
1248 2986 1303 3072 51)

266 3081 403 3163 Amphitr.
424 3077 502 3138 Prol.
525 3082 563 3139 51
578 3094 638 3155 sqq.
660 3109 702 3120 —
730 3077 858 3155 (luponis
879 3075 1038 3138 Observctt
1060 3074 1083 3136 1.
1106 3083 1172 3150 10„
1204 3094 1222 3134 a
1248 3093 1304 3153 quo

267 3190 324 3231 non
346 3163 477 3226 dissentit
498 3161 629 3221 Osennus
649 3161 778 3221 Analect.
805 3160 869 3220 orit.
891 3181 919 3240 p.
931 3168 974 3231 70
985 3179 1045 3240 sq.,
1081 3159 1188 3219 Suidae
1213 3159 1305 3219 locum

267 3263 324 3316 tam
344 3267 478 3332 perverse
499 3243 655 3317 intellexit,
676 3245 784 3305 atinde
798 3244 993 3317 concluderet,
1016 3243 1202 3304 Rhiuthonem
1216 3242 1306 3304 luisse

266 3346 380 3422 potitam
400 3333 552 3404 comicum,
573 3330 621 3411 qui
642 3329 726 3391 etiarn
743 3329 907 3412 tragoedias
927 3327 1086 3409 scripserit,
1108 3349 1142 3388 ec
1156 3334 1307 3408 praetores

267 3423 356 3484 fuerit
387 3426 488 3480 auctor
507 3412 792 3498 ζίλαροτραγῳδίας.
843 3415 904 3474 Νοο
935 3414 1027 3474 minus
1059 3413 1219 3493 spernenda
1251 3419 1305 3485 est,

267 3528 342 3589 quse
360 3505 497 3586 probatur
517 3499 648 3562 Harlesio
670 3499 700 3560 in
717 3497 844 3571 vlislrrioii
862 3497 936 3558 Bilrl.
958 3499 1060 3560 (irasc.
1081 3498 1121 3558 T.
1134 3498 1171 3558 ΙΙ.
1192 3518 1221 3579 p.
1232 3504 1306 3570 3²0,

268 3591 411 3654 sententia
431 3585 542 3665 Toupii
561 3584 720 3646 Emendett.
747 3583 777 3644 in
798 3583 879 3642 Suid.
900 3583 940 3643 T.
953 3584 990 3642 ll.
1011 3604 1038 3663 p·
1053 3589 1113 3646 136
1135 3583 1181 3642 ed.
1202 3582 1306 3654 Oxou,

269 3698 307 3740 ex
321 3672 472 3754 Stephani,
493 3669 634 3730 Eustatlrii
650 3675 681 3728 et
697 3667 802 3729 Snidae
817 3667 888 3728 locis
904 3666 1006 3748 positis
1028 3666 1196 3739 statuentis,
1217 3665 1307 3726 ltlrin·

268 3765 383 3824 tlronem
408 3764 440 3818 et
465 3755 624 3816 comoedias
651 3759 681 3813 et
706 3751 886 3835 tragoedias,
919 3773 977 3812 non
1003 3771 1070 3811 suas
1104 3752 1214 3832 qmdenr
1246 3767 1306 3825 ens,

267 3867 366 3913 verum
392 3843 515 3913 alienus,
543 3838 585 3912 εἰς
610 3839 726 3918 γελοῖον
745 3830 1047 3920 μιτιῤῥαθμισμίνας
1068 3836 1128 3898 sive
1154 3835 1184 3895 in
1204 3835 1307 3895 ridicu·

268 3936 325 3996 lurn
347 3933 490 3998 detortas,
513 3923 669 4004 scripsisse.
711 3923 783 3982 Nam
803 3915 947 4004 δράματα
968 3916 1097 4004 τραγικὰ
1116 3919 1167 3982 καλ
1188 3913 1307 3996 κωμικὰ

269 4027 336 4081 sunt
356 4006 627 4095 ἳλαροτραγῳδίαι,
654 4015 739 4087 atque
759 4003 1015 4090 iioporpcypda'oc
1041 4006 1126 4066 etio·
1147 4025 1199 4065 eae
1219 4003 1307 4064 unin-

269 4104 364 4166 tlrouis
389 4098 502 4160 fabulae
527 4095 657 4165 fuerunt,
690 4111 804 4172 quarum
832 4091 907 4151 tituli
932 4092 1022 4152 adhue
1048 4096 1207 4172 supersunt
1251 4089 1307 4148 οο-

194 4179 197 4191 ’
269 4189 397 4252 moadiae
417 4189 511 4245 autern
531 4181 561 4242 in
582 4178 729 4240 ridiculum
755 4195 812 4238 non
834 4177 1051 4256 detorquentur,
1080 4182 1110 4236 et
1130 4172 1306 4256 ungoediec,
