2938 4848
1147 371 1269 451 it·

159 553 216 617 cta
249 547 423 617 tabernae
462 545 610 619 notione
646 545 745 636 eius,
785 546 879 620 sicut
918 543 1130 648 ceperim)
1170 555 1207 620 et

157 649 187 720 F
188 649 336 742 loegelii
344 650 430 745 ¹⁵⁹),
471 651 594 741 opinio
631 650 783 722 fluxisse
822 651 985 740 videtur,
1030 651 1206 744 imprimis

158 751 310 844 opifices
333 759 369 821 et
388 752 573 822 institores
595 752 633 824 iu
654 751 698 822 iis
721 751 946 824 introductos
969 775 1068 842 esso,
1096 775 1207 847 quum

158 875 284 924 omnes
312 852 476 926 homines
511 855 697 925 tenuiores
730 853 768 924 in
801 854 961 926 tabernis
989 853 1206 928 habitarent.

157 954 239 1026 Nisi
260 963 361 1028 certo
376 956 583 1027 testimonia
604 963 802 1042 exstarent,
824 955 923 1048 ipsas
942 955 1127 1030 aediculas
1143 957 1206 1028 ho·

157 1059 293 1128 minum
311 1057 541 1130 humiliorum
564 1060 734 1130 tabernas
757 1060 957 1150 appellatas
983 1082 1085 1147 esse,
1109 1060 1207 1131 unde

157 1162 277 1230 dictae
294 1161 367 1230 sint
389 1159 637 1248 tabernariae,
662 1160 792 1230 harum
818 1183 951 1231 nomen
976 1162 1060 1232 inde
1088 1169 1207 1233 ortum

158 1285 240 1334 esse
272 1263 393 1356 putari
424 1271 569 1356 posset,
603 1263 720 1357 quod,
760 1283 853 1355 quae
885 1261 997 1356 vulg'o
1032 1265 1207 1335 tabernae

158 1365 344 1451 dicuntur,
361 1365 572 1458 plerumque
590 1365 628 1434 in
645 1366 835 1436 domorum
852 1365 1092 1455 privatarum,
1111 1388 1206 1459 quaa

157 1468 195 1538 iu
217 1465 274 1538 his
295 1468 429 1539 fabulis
451 1469 835 1559 repraesentabantur,
867 1475 971 1560 parte
997 1468 1117 1540 antica
1142 1490 1206 1562 ap·

158 1571 346 1664 parebant.
776 1587 779 1608 ¹

259 1737 348 1810 Tali
373 1737 515 1809 rationo
541 1738 821 1831 investigantes,
861 1738 960 1808 unde
989 1739 1118 1810 fabula
1153 1748 1205 1811 ta·

158 1841 328 1912 bernaria
351 1863 486 1913 nomen
511 1840 681 1927 traxerit,
709 1840 826 1910 simulr
839 1840 1015 1928 vidimus,
1040 1841 1206 1934 quamvis

159 1944 370 2014 humiliores
395 1963 575 2035 personae
602 1943 640 2013 in
667 1965 711 2012 ea
737 1942 943 2034 prodirent,
977 1950 1097 2013 tamen
1125 1967 1207 2015 eam

158 2046 315 2138 nonita
340 2045 424 2116 vilis
450 2045 653 2137 argumenti
677 2044 810 2130 fuisse,
852 2051 893 2114 ut
921 2045 1101 2131 nonnulli,
1140 2068 1205 2117 no·

158 2147 254 2218 mine
289 2145 367 2218 eins
392 2154 431 2217 et
456 2145 629 2218 Euanthii
654 2147 716 2216 vel
740 2146 861 2237 potius
886 2147 1025 2217 librarii
1053 2148 1205 2220 alicuius
1260 2174 1262 2180 ’

157 2249 280 2320 verbis
307 2249 467 2340 decepti,
494 2249 732 2332 arbitrantur,
760 2249 827 2318 sed
853 2247 1084 2336 comoediae,
1112 2271 1206 2341 quac

158 2351 306 2443 proprie
339 2351 545 2436 dicebatur,
585 2371 728 2443 parem3
771 2350 818 2419 ad
851 2371 959 2441 quam
991 2353 1207 2423 sententiam

160 2454 467 2524 corroborandam
507 2453 596 2524 facit
631 2459 823 2542 praeterea
856 2449 1073 2540 Diomedes,
1118 2455 1205 2524 scri·

159 2554 343 2649 bens¹⁶⁰):
380 2553 554 2646 „Togata
581 2556 787 2623 tabernaria
813 2575 836 2623 a
861 2554 1048 2624 comoedia
1075 2555 1205 2645 differt,

159 2658 257 2749 quod
283 2657 319 2724 in
345 2657 534 2726 comoedia
562 2651 697 2728 Graeci
722 2657 812 2725 ritus
840 2656 1056 2726 inducuntur
1081 2679 1205 2749 perso·
1250 2715 1251 2726 ,
1320 2733 1322 2741 1

159 2779 301 2851 noeque
328 2753 513 2844 Graecae,
539 2756 705 2844 Laches,
739 2756 925 2848 Sostrata3
966 2759 1003 2828 in
1028 2759 1091 2829 illa
1116 2781 1205 2832 vero

159 2859 326 2930 Latinae.
337 2865 361 2902 ‘⁶
419 2861 481 2932 Ad
507 2860 732 2931 tabernarias
761 2859 872 2951 igitur
905 2860 1013 2930 etiam
1039 2867 1205 2952 pertinet,

160 2984 254 3055 quac
279 2962 360 3032 sola
380 2961 489 3033 bodie
516 2983 564 3032 ex
591 2985 634 3032 eo
662 2983 795 3053 genere
821 2971 1005 3053 superest,
1038 2961 1205 3035 Pseudo·

159 3064 321 3156 plautina
362 3049 595 3141 Querulils
637 3063 717 3134 sive·
756 3063 1016 3135 Aulularia.
1082 3065 1206 3143 Quum

160 3186 249 3235 vero
270 3169 449 3256 p'ersonae
475 3167 561 3235 illae
582 3163 793 3235 humiliores
820 3166 996 3256 explebe
1021 3189 1205 3238 sumeren·
1271 3229 1276 3238 .

27 3305 28 3320 .
161 3274 237 3354 tur,
264 3290 375 3359 supra
399 3275 498 3338 recte
519 3269 690 3337 statuisse
715 3268 821 3337 nobis
845 3269 1029 3353 videmur,
1056 3291 1206 3359 quomo·
1244 3263 1245 3268 ’

162 3371 208 3439 do
230 3378 480 3461 praetextatae.
502 3370 696 3460 praecipue
717 3371 892 3440 senatorii
918 3370 1053 3439 ordinis
1070 3371 1206 3442 fuerint

161 3473 348 3563 propriae,
389 3473 443 3542 sic
476 3471 700 3541 tabernarias
726 3470 858 3561 plebeii
885 3473 1049 3562 proprias
1077 3473 1204 3546 fnisse.

163 3572 382 3652 dulcamen
409 3575 455 3646 de
474 3574 581 3666 plebe.
607 3573 839 3664 magistratus
858 3573 947 3644 facti
974 3582 1113 3662 essent,
1141 3597 1206 3646 eos

161 3676 234 3747 iam
259 3699 333 3746 non
358 3676 591 3762 tabernariis,
632 3676 699 3746 sed
724 3677 960 3766 praetextatis
994 3684 1207 3769 argumenta

163 3778 358 3864 obtulisse,
394 3799 462 3869 per
487 3777 774 3868 cointelligitur.

213 4075 216 4079 ι
249 3994 323 4078 158)
352 3991 512 4058 Observatt.
535 3995 556 4055 l.
582 4005 630 4058 10.
659 4028 701 4040 -
736 3991 809 4078 159)
839 3995 942 4057 Gescb.
964 3997 1015 4058 dar
1041 3997 1117 4057 kom.
1146 3998 1205 4066 Lit.

164 4081 203 4140 T.
215 4082 263 4142 lv.
284 4104 312 4162 p.
326 4088 377 4144 94.
399 4117 441 4127 -
465 4077 540 4164 160)
563 4081 612 4142 ΙΙΙ.
631 4103 658 4162 p.
673 4089 734 4142 487
745 4101 791 4161 ap.
803 4079 919 4142 Pntscb.
1106 4080 1109 4085 ’
