2940 4838
259 373 359 448 ,294

272 548 308 610 in
329 546 495 610 Liberto:
517 545 599 607 Tui.
632 545 737 621 codd,
764 546 864 626 quibus
885 565 953 608 nsua
974 553 1020 607 ert
1039 547 1211 625 Mereeriua,
1242 549 1314 610 Ven.

274 635 296 694 Ι.
318 633 354 692 ΙΙ.
388 633 455 692 Jun.
483 651 574 713 marg.
602 630 728 690 Aliber
749 637 859 692 totus.
895 632 963 694 Par.
993 632 1181 696 itliberus
1203 641 1313 694 totns.

273 719 337 778 ΑΜ.
359 719 425 776 idas.
448 717 545 795 Stepb.
567 715 634 774 dnn.
662 717 786 776 Aiiber
812 716 937 776 totius.
971 718 1060 778 Mero.
1086 717 1116 777 iu
1139 719 1237 778 ordine
1258 719 1315 780 Li·

274 803 391 864 berto:
415 801 521 874 Tins;
555 800 626 860 idem
648 801 677 859 in
700 808 809 860 annott.
830 801 996 864 Liberto:
1019 802 1098 862 Tui.
1129 804 1249 864 Botbins
1270 805 1314 864 in·

145 885 147 890 ’
274 889 342 948 cidit
363 887 391 946 in
413 886 503 945 Aulo
527 881 585 964 (vei
607 881 655 964 in)
679 885 934 945 libertorTui.
967 887 1110 967 Suspirati
1131 895 1198 947 sunt
1219 889 1313 961 etiam,
1440 893 1441 902 ³

274 972 349 1052 qood
370 971 419 1032 vix
442 969 686 1050 operaepretium
708 977 753 1029 eat
773 970 892 1043 afferre,
919 971 1148 1050 Aeqnaiibna.
1185 974 1313 1045 Totus,

273 1058 385 1117 aliter
407 1055 500 1127 eius,
523 1075 541 1113 a
562 1055 735 1114 libertate
756 1055 826 1127 ius,
854 1077 871 1116 a
892 1055 1026 1115 liberto
1048 1057 1134 1116 eina.
1172 1058 1313 1137 Scriptum

273 1141 363 1202 fuisse
383 1140 506 1202 arbitror
530 1138 628 1199 Afra.
650 1139 785 1200 liberto
807 1147 874 1214 eta,
895 1141 979 1223 idque
1001 1142 1181 1220 depravatum
1199 1162 1264 1203 esse
1284 1143 1312 1202 in
1440 1151 1441 1154 ’

272 1227 346 1288 Afr.
369 1247 387 1286 a
407 1226 541 1286 liberto
563 1231 633 1297 ota,
667 1225 742 1303 quod
763 1226 848 1286 habet
868 1226 931 1287 aod.
954 1227 1074 1308 Gnelpb.
1094 1260 1138 1274 -
1157 1228 1311 1288 monilia.

274 1313 345 1375 Ven.
367 1312 390 1372 l.
412 1312 448 1371 ΙΙ.
477 1311 545 1370 Par.
568 1309 603 1372 in
626 1310 744 1370 ovilis.

778 1445 814 1504 ΙΙ.

309 1633 312 1640 .
357 1562 467 1624 Nonius
488 1584 515 1644 p.
530 1570 591 1626 307
613 1562 657 1623 ed.
679 1562 784 1622 Mera:
816 1563 1044 1635 „Fuoeuere
1070 1563 1215 1648 signifieat
1235 1585 1313 1626 reae-

274 1653 352 1711 dere.
373 1683 416 1696 —
437 1647 570 1708 Afranius
591 1647 621 1707 in
639 1625 777 1707 biberto:

324 1733 421 1806 Nolo
448 1724 507 1804 hio
539 1741 575 1804 te
604 1734 743 1803 videat:
784 1725 951 1804 ddminus
984 1739 1050 1806 est.
1108 1730 1226 1822 Puer,
1259 1735 1312 1806 fa·
1440 1811 1441 1830 p

882 1857 984 1906 nesse
1010 1836 1138 1926 hino.“

274 1937 386 1999 Versus'
402 1942 451 2014 est¹
467 1935 611 1995 iambicus¹
623 1935 749 1995 trimeter
768 1936 1052 2017 hypercatalecticus3
1081 1937 1216 2016 siqnidem
1236 1943 1313 1996 rento

260 2043 331 2104 „una
357 2022 432 2082 serie
452 2022 540 2083 verba
565 2041 626 2080 oum
646 2019 750 2079 Botbio
772 2021 925 2100 posuimus.
969 2023 1000 2081 in
1022 2022 1126 2081 'I'itinii
1147 2020 1313 2105 fragmentis

274 2109 369 2190 plures
390 2105 527 2168 eiusmodi
546 2125 647 2168 ausus
668 2105 860 2186 reperiuntur3
893 2106 968 2187 apud
988 2105 1135 2167 Manium
1155 2107 1201 2168 bio
1227 2107 1312 2166 soius.

690 2275 894 2286 *—

631 2409 947 2487 nonina

357 2546 467 2607 Nonius
487 2567 515 2626 p.
530 2553 592 2608 507
605 2546 649 2604 ed.
662 2545 767 2604 Mera:
790 2545 971 2616 „iibadibo
993 2565 1044 2624 pro
1066 2546 1203 2606 obediam.
1231 2543 1314 2606 Aira-

274 2633 337 2692 nina
359 2631 387 2691 in
408 2631 536 2707 Meritis:

325 2713 412 2787 Meo
439 2722 479 2786 ut
504 2715 684 2807 obsequar
710 2705 844 2801 amdri,
879 2706 1035 2785 obedibd
1064 2715 1138 2786 tibi.
1148 2721 1172 2760 “

273 2833 428 2895 Munitis.
465 2833 567 2893 Junins
594 2833 708 2891 Eloneb.
738 2839 846 2891 auctor.
873 2833 909 2890 ad
935 2833 1009 2891 Non.
1038 2833 1213 2892 scribendum
1235 2840 1316 2914 putot

274 2916 500 2989 Materteris,
524 2937 605 2996 quum
623 2919 796 2976 Materterae
813 2916 924 2976 Afranii
941 2915 1036 2976 fabula
1050 2917 1162 2996 saepius
1176 2919 1314 2991 laudetur,

262 3004 370 3065 'biariti
391 3002 476 3062 semel
499 3008 620 3076 tantum3
654 3002 728 3081 quod
750 3001 839 3062 levius
862 3009 906 3060 est
927 3009 1131 3084 argumentum.
1153 3037 1196 3048 —-
1217 3005 1315 3064 obse-

274 3109 371 3169 quar.
403 3090 491 3148 biera.
514 3088 586 3147 mula
607 3087 835 3166 obsequerer.
865 3087 948 3145 Both.
978 3086 1203 3164 obsequaris.
1235 3087 1315 3148 Faci-

264 3175 328 3234 ·lius
356 3181 434 3234 esset
461 3173 668 3251 obsequere.
718 3172 776 3231 Sed
804 3169 916 3231 defendi
937 3191 1023 3251 posse
1051 3171 1162 3232 videtur
1182 3173 1315 3233 librorum

273 3259 357 3320 lertio
387 3259 582 3339 obsequor:
612 3256 700 3317 Amor
726 3276 806 3317 mens
834 3276 906 3338 erga
933 3262 962 3316 te
983 3256 1182 3336 melimpeliit,
1211 3265 1245 3332 ut
1266 3256 1315 3318 tibi

273 3344 410 3404 obediam.

692 3507 895 3520 ——

560 3661 1035 3722 undeuuanda.

783 3795 806 3856 1.

354 3899 464 3960 Nonius
491 3920 520 3980 p.
539 3903 578 3958 41
609 3898 653 3957 ad.
681 3897 786 3957 biera:
825 3897 1007 3977 „Sepiuot
1033 3896 1178 3980 signifieat
1206 3903 1314 3971 tenent,

269 3987 437 4068 impediunt3
469 3985 572 4043 dietum
599 4003 617 4042 a
644 3981 771 4062 sepibus,
810 4001 882 4061 quaa
915 3983 1044 4044 obiectae
1077 3985 1133 4043 iter
1163 3984 1313 4056 claudunt3

268 4073 343 4134 unde
370 4078 401 4131 ot
427 4070 704 4147 circumseptum
732 4066 843 4126 dieitur.
885 4067 1021 4128 Afranius
1043 4069 1073 4128 in
1094 4067 1272 4128 Materterir:

511 4210 559 4224 —-
586 4167 707 4241 Periit
744 4159 918 4244 laiorimoe
942 4170 1110 4263 lingnam¹
1130 4171 1316 4262 sepiunt.“
