2938 4848
1169 415 1213 468 11

273 582 421 657 contnt
456 583 567 660 otton
597 579 710 656 Nonii
742 581 956 670 editionem,
990 605 1084 677 quac
1116 604 1212 662 enno

171 685 480 763 MDLXXXIH.
531 683 684 763 Parisiis
709 688 808 778 apud
825 685 1025 778 Aegidium
1037 685 1214 775 Beysinnr

168 813 255 862 cnm
279 789 442 863 virorum
467 789 656 862 doctorum
680 788 897 860 armotntie
886 809 923 857 m
939 787 1055 858 lucem
1069 787 1212 878 prodiit.

173 899 211 964 et
242 911 341 978 enm,
380 911 474 983 qnae
507 890 711 963 continetur
742 891 779 960 in
805 889 1028 962 Auctoribus
1059 889 1213 962 Latinae

172 993 330 1086 linguae,
357 992 463 1062 editis
489 1011 584 1062 anno
598 988 766 1064 Mncll.
796 989 836 1062 S.
857 985 1028 1064 Geruasii
1054 997 1136 1068 cunr
1150 1007 1212 1062 an·

172 1095 306 1174 notatis
338 1081 507 1183 Dionysii
541 1088 772 1166 Gothofrcdi.
831 1093 996 1185 Utraque
1027 1092 1135 1164 fluxit
1166 1097 1214 1164 erl

174 1196 330 1278 editione
356 1194 534 1269 Hadriani
558 1195 672 1268 Iunii.
706 1195 769 1266 illa
800 1195 873 1282 ita,
906 1201 963 1282 ut,
997 1196 1059 1287 qui
1090 1195 1213 1266 Iunia·

133 1345 136 1352 -
171 1318 257 1368 nam
282 1297 401 1384 novit,
433 1298 534 1368 illam
559 1318 702 1390 quoquc
727 1297 889 1386 noverit3
920 1296 961 1366 in
984 1299 1100 1368 ultera
1124 1319 1213 1368 non·
1329 1292 1332 1300 ’
1465 1263 1466 1290 ³

173 1399 274 1479 ιιιιιιιι
297 1400 417 1488 inepte
448 1407 586 1472 mutata
612 1404 705 1472 sunt.
758 1397 886 1476 Quare
918 1405 1083 1470 neutram
1116 1421 1213 1470 com·

173 1502 444 1577 memorandam
471 1501 574 1572 duni.
632 1497 810 1603 Neque‘'
786 1523 849 1588 ns,
892 1523 1012 1593 quae
1018 1500 1077 1572 lric
1102 1523 1213 1572 anno·

174 1609 251 1672 tant
252 1625 306 1689 ur,
332 1603 385 1672 uti
409 1601 524 1692 potui,
551 1623 661 1694 quum
686 1602 915 1694 indiligenter
941 1610 1114 1694 congesta
1130 1604 1213 1690 siut,

174 1704 389 1796 pracsertim
410 1705 511 1804 apud
539 1699 823 1788 Gothosredum,
858 1704 919 1773 ubi
950 1705 1098 1795 saepius
1130 1705 1215 1776 falsi

91 1853 96 1864 -
175 1805 466 1884 emendationum
483 1812 651 1876 auctores
661 1805 864 1877 radicantur
875 1812 912 1875 ot
920 1807 1214 1878 vrorumuooto·

172 1923 256 1978 enm
281 1908 468 1998 opiniones
492 1929 558 1998 pro
585 1906 977 1979 codionmleotionilrns
1000 1911 1214 1982 venduntur.

247 2039 387 2120 Quod
426 2043 473 2112 ud
507 2040 712 2112 charisium
747 2042 888 2130 attinet,
934 2051 1080 2134 praeter
1113 2041 1215 2114 editi·

176 2158 282 2214 onem
315 2142 576 2214 Pntschianam
612 2143 703 2212 haec
735 2144 823 2214 milri
863 2145 909 2214 nd
942 2165 1088 2213 manum
1122 2143 1213 2214 fuit:

173 2235 265 2332 „Fi
298 2243 533 2365 sosipatri
566 2243 770 2316 Charisii
810 2243 910 2315 Artis
945 2241 1216 2317 Grammaticae

173 2344 278 2416 Lrlni
302 2346 468 2440 quinque.
494 2387 544 2400 —
569 2343 740 2416 Basileae
766 2329 818 2416 M.
838 2344 885 2418 Β.
908 2345 973 2418 LI.
1002 2348 1100 2438 apud
1116 2347 1215 2420 Fro

173 2447 256 2592 den.
260 2453 285 2494 ‘⁸
309 2451 345 2519 8.
379 2449 574 2544 Appellavi
600 2471 681 2517 eam
706 2447 806 2518 Bas.

141 2627 143 2630 -
241 2577 335 2651 De
369 2591 594 2670 caeterorum
621 2583 854 2674 scriptorum,
888 2582 923 2652 in
951 2584 1096 2676 quibus·
1114 2577 1215 2678 toga·

175 2689 292 2752 tarum
317 2681 520 2776 fragmenta
545 2685 792 2775 reperiuntur,
825 2682 1043 2759 editionibus
1079 2685 1138 2756 hic
1163 2681 1215 2758 ni·

175 2777 227 2853 hil
251 2782 481 2856 indicandum
507 2788 668 2873 videtur,
695 2808 802 2879 quum
830 2811 878 2857 cx
904 2787 992 2878 ipsis
1017 2787 1126 2908 locis,
1153 2787 1216 2860 nbi

175 2889 535 2976 commemorantur,'
552 2896 716 2979 apertum
742 2889 806 2976 sit,
840 2889 969 2980 quibus
1004 2890 1060 2960 usi
1091 2891 1214 2964 simus,
1309 2899 1318 2906 “

146 2981 330 3058 ¹Praeter
362 2991 607 3082 scriptorum
610 2990 785 3060 editiones
820 3000 941 3060 antem
974 2991 1009 3062 in
1045 2991 1216 3064 subsidiis

175 3087 353 3181 itte'rrnnt:¹
391 3077 691 3184 „Fragmenta
729 3091 970 3184 podiorum
1008 3102 1215 3166 veterum

176 3188 470 3278 Latinorum,
497 3215 648 3288 quornm
674 3217 786 3284 opera
811 3217 885 3263 non
904 3217 969 3262 exs
971 3199 1066 3262 trant
1093 3193 1214 3294 Ennii,

176 3278 300 3384 Accii,
334 3293 486 3382 Lucilii,
520 3293 687 3382 Laberii,
719 3292 895 3384 Pacuvii,
926 3285 1100 3380 Afranii,
1115 3293 1214 3398 Nac3

177 3391 246 3476 vii,
287 3393 466 3481 Caecilii,
496 3394 722 3488 aliorumque
754 3397 964 3465 multorum.
1002 3389 1246 3494 undique
1182 3382 1215 3499 ,ι’

1 3524 2 3543 ι
92 3571 94 3575 ,
144 3492 271 3577 ‚lton
298 3496 485 3587 Stephano
520 3520 660 3568 summa
692 3498 877 3589 diligentia
911 3498 995 3588 olim
1015 3508 1212 3592 congesta:

176 3603 415 3668 runcantem
443 3603 488 3669 ab
514 3600 673 3670 Henrico
688 3597 874 3691 Stephano
896 3601 978 3669 eius
1004 3597 1078 3669 filio
1100 3601 1235 3700 dige-

177 3704 251 3786 sta,
285 3709 322 3770 et
352 3702 551 3790 priscarum
585 3724 677 3793 quae
709 3702 745 3770 in
779 3702 851 3772 illis
877 3708 961 3770 sunt
992 3722 1123 3772 vocum
1151 3722 1214 3772 ex·-

175 3800 355 3891 positione
380 3803 574 3874 illustrata.
604 3803 734 3872 additis
761 3803 868 3872 etiam
895 3803 1027 3872 alicubi
1046 3804 1215 3876 versibus

178 3896 330 3973 Graecis
345 3926 435 3995 qnos
449 3906 736 3994 interpretantur.
764 3945 805 3956 -
826 3905 935 3975 Anno
951 3903 1214 3980 mnnxllll

178 4007 380 4076 excudebat
405 4006 638 4076 Henricus
665 4004 968 4095 Stephanus“
989 4006 1024 4076 8.
1051 4004 1096 4076 In
1109 4030 1214 4099 prae·

177 4109 395 4176 tentatorum
410 4108 572 4199 reliquiis
586 4106 782 4178 tractandis
793 4107 1212 4180 consulebanturetiam:

146 4243 157 4270 ι
176 4203 392 4292 ,,Μιιιιιιιι
423 4210 620 4282 Antonii
651 4208 800 4278 Delrii
832 4249 881 4260 -
917 4207 1116 4300 syntagma
1141 4217 1213 4282 tra·
