2932 4842
180 530 263 603 rspta
282 515 443 594 aconiaca,
465 544 497 583 se
518 525 667 604 reciperat,
690 532 849 604 terramque
862 525 1044 606 relinquerat.
1082 526 1226 588 Ananim·

179 609 271 691 igitur
297 629 395 689 pugna
420 608 487 669 victi
513 610 656 671 vicerunt:
687 610 815 688 Pyrrhus
845 612 937 672 viator
970 628 1009 671 ex
1034 629 1072 670 aa
1098 611 1226 691 percepit

180 695 385 764 detrinentum,
407 694 529 754 Romani
548 695 631 766 victl,
653 713 736 774 quum
758 713 793 754 aa
813 697 897 777 gravi
918 697 1000 756 laste
1021 696 1133 756 liberati
1154 696 1222 770 sint,

177 779 285 838 loboris
310 777 441 838 fructum.
485 781 634 840 Caeterum
655 781 760 840 Titinii
787 799 903 853 venos,
936 782 1061 842 al'erto
1083 781 1137 840 boc
1157 782 1222 841 loco

178 865 280 943 positi,
314 865 415 943 sumpti
448 865 577 924 uidentur
599 885 643 930 ¹ex
677 867 831 925 Veliterno.
880 866 1065 947 Significatur
1098 865 1223 926 fortasse

177 969 267 1021 uxor,
310 965 399 1028 quaa,
432 951 515 1008 domo
543 953 676 1030 expulsa,
711 952 804 1010 dotem
832 953 943 1030 repetit.
987 951 1033 1012 CI.
1061 951 1222 1012 Veliternos

177 1032 283 1116 fragm.
299 1035 332 1094 V.
354 1043 384 1094 et
405 1035 434 1093 in
455 1033 513 1095 lina
535 1037 597 1096 eius
618 1035 731 1095 fabulae
753 1035 932 1115 reIIquiarum
953 1043 1100 1098 annotata.

648 1187 740 1248 XVII.

261 1301 425 1364 Priscianus
443 1305 491 1364 VI.
514 1315 543 1366 ³.
568 1309 616 1368 15.
643 1328 671 1386 p.
691 1310 752 1368 ost
783 1321 828 1388 ap.
855 1303 990 1366 Putscb.:
1024 1301 1156 1380 „Neruo
1178 1331 1221 1352 -ι

176 1391 331 1450 communis
352 1397 398 1449 est
420 1391 552 1472 generis,
574 1398 604 1450 et
624 1421 666 1436 -·-
689 1409 707 1451 o
728 1392 757 1452 io
780 1393 789 1451 i
810 1393 951 1456 convertit
971 1393 1000 1450 in
1022 1391 1165 1474 genitivo,
1189 1397 1221 1450 ut

175 1493 275 1536 nemo
297 1475 458 1535 neminis.
481 1505 524 1522 υ-
545 1477 690 1537 Titinius:

883 1605 931 1616 --
959 1561 1069 1641 outo
1093 1578 1218 1656 rogas,

226 1657 417 1733 Neminem
443 1653 548 1734 decdt
572 1663 751 1736 bonam.“
776 1707 826 1717 —-

642 1815 747 1876 XVIII.

259 1932 423 1994 Priscianus
434 1933 498 1992 XV.
513 1942 542 1993 3.
559 1943 609 1996 13.
630 1957 657 2016 p.
673 1943 755 1998 1010
778 1956 822 2014 ap.
838 1932 969 1995 Putsobrt
999 1932 1218 2006 „Severiter

175 2055 228 2115 pro
251 2054 359 2096 seuera.
387 2031 516 2096 Titinius
535 2067 592 2098 -.
619 2037 695 2096 Idam
719 2015 1181 2112 blanditer,·beniguiter.“

653 2173 733 2231 XIX.

260 2269 404 2349 Charisius
426 2292 448 2348 I.
482 2313 510 2368 p.
530 2294 571 2351 40
592 2312 637 2369 ap.
666 2291 798 2351 Palaeis:
832 2287 900 2365 „Ab
927 2293 995 2374 boo
1022 2311 1104 2349 osse
1134 2290 1217 2349 buius

174 2375 257 2434 ossis.
301 2376 349 2434 Sic
376 2375 448 2434 euim
476 2376 560 2434 debet
588 2376 736 2447 declinari,
766 2396 822 2434 noo
854 2378 889 2435 ab
921 2377 985 2435 hoc
1018 2395 1115 2448 osso;
1142 2375 1217 2434 sicut

175 2461 265 2519 Varro
287 2460 373 2519 dixit:
397 2462 487 2519 (Isse
508 2460 731 2533 scribebant3
753 2469 783 2521 et
804 2461 946 2520 Titinius:

300 2585 349 2596 —
375 2543 497 2616 Velim
525 2568 593 2638 ego
620 2570 704 2616 osse
731 2537 836 2616 antire
852 2549 1029 2636 'campum
1056 2538 1213 2616 cereum.
1315 2561 1318 2568 ’

173 2645 264 2705 Huius
291 2647 478 2707 nomiootIvus
505 2653 550 2705 est
576 2649 641 2732 hoc
672 2669 726 2718 os;
760 2649 885 2727 quamvis
908 2644 989 2726 (Co.)
1013 2647 1121 2708 Gallius
1142 2646 1214 2707 libro

171 2731 309 2790 XXXIII.
333 2732 450 2790 dixerit:
482 2733 750 2811 Calcariaequc
778 2733 857 2792 eius
884 2733 994 2812 ipsum
1018 2751 1133 2792 ossum
1156 2751 1215 2790 ax·

172 2825 377 2897 purgarunt
399 2817 719 2895 inauraruotquc.“
747 2819 821 2877 ldem
843 2818 864 2876 l.
888 2839 914 2896 p.
931 2826 1006 2877 112:
1029 2818 1095 2889 „Os
1116 2836 1214 2875 mono·

172 2901 305 2978 syllabam
329 2909 412 2961 extra
433 2901 592 2983 analogiam
615 2923 678 2962 esse
700 2903 808 2961 l'lioius
830 2904 928 2962 codam
949 2903 1020 2960 libro
1044 2908 1127 2960 sexto
1145 2901 1214 2960 scri-

173 2986 227 3056 bit,
250 2995 279 3044 et
300 2987 391 3056 addit,
415 3007 449 3044 eo
472 2987 562 3067 magis
584 2988 814 3047 consuetudinem
836 2987 864 3046 in
888 3007 922 3046 eo
945 3007 1009 3046 essa
1029 2985 1212 3046 retinendam.

172 3070 315 3129 Titinius:
340 3071 447 3130 Vclim
471 3092 495 3130 c.
519 3092 546 3130 o.
569 3093 595 3131 a.
618 3092 642 3131 o.
666 3093 690 3132 c.
721 3075 809 3131 Varro
831 3091 956 3150 quoque:
986 3072 1090 3142 (Isse,
1113 3070 1212 3148 inquit,

171 3155 398 3226 scribebant,
429 3177 485 3215 nou
513 3177 606 3216 osso.
649 3159 770 3216 (Issum
793 3157 847 3216 dici
870 3177 926 3214 noo
950 3162 1053 3235 potest.
1077 3188 1118 3200 -·
1146 3155 1213 3214 Gel-

171 3240 227 3298 lius
250 3247 362 3298 tameo“
386 3248 440 3300 cto.
484 3242 660 3320 comparatis
682 3243 756 3302 inter
777 3242 854 3320 ipsos
876 3242 920 3300 lris
941 3241 1011 3299 locis
1034 3246 1160 3318 apparet,
1183 3239 1213 3297 in

170 3324 265 3403 priore
294 3346 389 3384 eorum
420 3327 571 3407 legendum
594 3347 672 3398 esse,
694 3336 727 3385 ut
748 3327 936 3386 correximus:
969 3325 1082 3383 Huius
1105 3323 1212 3382 norni-

172 3411 314 3470 natIvus
336 3417 394 3468 cst
416 3413 478 3471 boo
501 3431 555 3484 os,
583 3432 656 3484 noo,
689 3412 917 3490 quemadmodum
940 3411 1042 3469 editum
1066 3417 1124 3480 est,
1148 3409 1212 3467 boc
1293 3428 1304 3474 ,·

170 3513 263 3553 osse.
303 3496 401 3573 Neque
429 3496 519 3576 igitur
548 3497 668 3555 Ilotlrius
702 3498 909 3574 reprehendere
943 3494 1063 3554 debebat
1095 3493 1212 3572 Sosipa-

170 3585 256 3653 trum,
292 3582 373 3658 quasi
401 3601 483 3639 osse
506 3601 556 3660 pro
579 3582 749 3642 nominatIvo
772 3582 909 3640 babuerit.
952 3582 1105 3658 Perperam
1128 3579 1211 3636 etiam

169 3664 197 3722 io
231 3665 321 3724 altero
349 3666 413 3724 loco
446 3666 553 3746 legitur
581 3668 626 3725 ils
660 3667 920 3744 monosyllaba,
949 3667 1025 3744 quod
1053 3662 1211 3724 emendavi-

168 3769 239 3808 mus.
261 3783 302 3794 -
334 3751 418 3830 Casp.
440 3751 574 3810 Bartliius
594 3752 712 3812 Advers.
730 3752 777 3810 IV.
797 3760 850 3812 21:
869 3815 870 3818 Ἴ
881 3751 1025 3824 „Veteres
1053 3770 1114 3809 cum
1134 3749 1211 3808 cala·

168 3853 274 3893 morum
302 3855 370 3894 usus
393 3857 448 3895 oon
471 3843 562 3908 esset,
596 3838 719 3896 scribere
741 3837 870 3896 solebant
892 3836 1002 3896 ossibus
1024 3833 1210 3916 praeparatis,

168 3917 258 3997 iisque
285 3919 369 3978 etiarn
396 3921 441 3980 usi
467 3922 529 3994 vice
551 3923 686 4000 stylorum
708 3922 736 3980 io
758 3927 860 3982 cera.“
903 3921 1014 3979 Deinde
1036 3919 1119 3979 affert
1141 3919 1211 3976 Var-

167 4004 246 4062 ronis
274 4005 365 4064 locum
393 4007 561 4086 Titiniique.
605 4009 663 4068 Sed
690 4027 728 4066 ex
749 4007 793 4065 bis
820 4005 929 4085 quidem
951 4005 1021 4065 locis
1042 4025 1099 4064 nou
1121 4009 1209 4082 patet,
1327 4080 1333 4086 ¹

166 4095 279 4149 veteres
300 4090 390 4160 etiam
417 4113 469 4170 pro
497 4092 611 4154 calamis
640 4109 708 4153 usos
736 4112 799 4152 csse
826 4091 953 4164 ossibus3
984 4111 1075 4170 neque
1097 4087 1209 4147 omnino

167 4173 234 4234 illud
257 4180 302 4234 est
328 4176 484 4256 probabile.
525 4178 631 4238 Procul
657 4176 752 4253 dubio,
774 4177 940 4256 simulatque
961 4181 1118 4236 abamento
1140 4172 1209 4232 scri-
