2938 4848
225 361 284 440 db

225 536 448 626 togatarum,
472 557 567 628 quae
591 534 822 608 tabernariae
847 535 1016 611 dicantur
1039 541 1142 612 -.“
1191 535 1271 610 Neo

225 641 344 725 potest
374 639 520 732 negari,
561 637 646 734 quin
673 639 809 729 optimo
828 639 915 721 ¹iure
939 647 1191 731 praetextatae
1216 648 1270 712 to·

225 743 389 827 getarum
422 740 568 810 nomiae
600 761 673 810 uua
698 741 1058 831 comprehendantur.
1109 740 1206 812 Nam
1229 751 1271 813 ut
1332 829 1334 835 k
1463 805 1464 808 ,

224 842 480 940 praetentare
505 864 594 911 vera
620 832 705 934 toga
733 852 829 929 erat,
855 844 906 912 ita
927 851 1157 935 praetextata
1180 865 1269 914 vere

227 947 304 1010 erat
338 947 472 1027 togato.
524 942 604 1016 Nec
636 944 814 1016 immerito
841 944 1058 1032 Suetonius,
1099 947 1270 1038 quoniam

224 1043 351 1111 trabea
375 1053 485 1138 togae
512 1055 592 1116 erat
616 1047 777 1137 species,
817 1044 961 1118 Melissi
995 1050 1178 1119 trabeatos
1206 1070 1269 1119 no·

223 1165 310 1213 vum
333 1162 448 1232 genus
469 1155 673 1240 togatarum
699 1149 906 1239 appellavit.
958 1148 995 1219 A
1014 1150 1268 1241 grammaticis,

223 1244 285 1338 qui
318 1243 363 1312 de
395 1249 452 1320 his
483 1252 594 1320 rebus
621 1249 860 1340 scripserunt,
902 1252 1086 1323 trabeatus
1111 1262 1270 1342 praeter·

225 1347 362 1418 missas
379 1373 460 1424 esse
480 1358 569 1442 puto
595 1372 641 1420 ea
661 1352 708 1420 de
731 1373 861 1438 musa,
888 1356 1005 1444 quod,
1031 1353 1115 1445 quia
1132 1349 1174 1424 G.
1189 1351 1270 1423 Me·

224 1451 333 1521 lissus
359 1460 506 1544 propter
531 1454 568 1522 id
593 1453 730 1542 ipsum,
763 1456 859 1546 quod
883 1462 1029 1544 praeter
1053 1453 1270 1527 Suetonium

224 1575 331 1623 nemo
369 1576 493 1624 earum
529 1564 654 1646 aperte
689 1555 778 1624 lacit
813 1557 1049 1644 mentionem,
1094 1563 1129 1626 et
1168 1559 1269 1628 solus

224 1654 413 1742 scripsisse
441 1657 586 1728 videtur
611 1656 819 1727 huiusmodi
843 1658 989 1728 fabulas
1019 1679 1090 1728 nec
1119 1681 1269 1751 magno·

223 1777 311 1847 pere
337 1761 374 1829 in
400 1757 445 1831 iis
471 1758 729 1848 componendis
755 1759 990 1847 excelluisse,
1023 1759 1094 1830 illis
1117 1782 1191 1830 non
1216 1762 1268 1830 in·

223 1861 416 1932 notuerint.
468 1857 595 1952 Neque
627 1861 797 1930 videntur
828 1862 972 1950 omuino
1005 1861 1171 1932 homines
1205 1885 1269 1932 no·

223 1983 308 2031 vam
333 1965 439 2034 istam
455 1960 599 2032 Melissi
624 1963 868 2033 inventionem
890 1965 1040 2034 multum
1063 1965 1269 2055 curavisse;

223 2070 265 2134 ut
284 2064 433 2137 dubium
456 2085 600 2156 quoque
620 2065 805 2152 videatur,
832 2087 918 2134 uum
943 2087 1102 2160 uuquam
1127 2069 1269 2138 trabea·

224 2174 283 2236 tac
309 2177 413 2238 actae
439 2165 521 2238 siut.

325 2269 439 2361 Apud
473 2290 607 2340 taurese
641 2267 770 2338 aetatis
805 2269 1000 2359 scriptores
1039 2271 1270 2341 tabernariae

223 2391 356 2442 nomen
388 2394 463 2441 uon
494 2371 682 2461 reperitur.
736 2368 949 2462 Ubicunque
983 2374 1079 2463 apud
1110 2372 1178 2441 bos
1204 2372 1269 2442 hu·

223 2473 381 2544 iusmodi
404 2473 611 2544 fabularum
636 2472 675 2540 fit
700 2473 853 2558 alentio,
882 2495 947 2542 eae
973 2480 1120 2566 togatae
1147 2474 1269 2544 dicun·

223 2585 293 2648 tur.
345 2573 442 2644 Nam
469 2597 516 2642 ex
543 2573 687 2642 Horatii
713 2574 917 2670 versu¹⁶⁹):

275 2673 443 2768 „Migret
465 2677 502 2745 in
524 2677 699 2745 obscuras
720 2675 846 2746 humili
866 2697 1033 2746 sermone
1054 2677 1235 2762 tabernas,
1245 2682 1269 2720 “

94 2837 99 2840 .
224 2804 296 2875 quo
322 2778 503 2866 nonnulli,
530 2785 571 2846 ut
592 2776 793 2848 Lambinus
814 2785 852 2847 et
871 2778 1074 2864 Baxtcrus,
1101 2780 1268 2848 taberna·

224 2886 298 2956 rias
313 2879 510 2973 significari
523 2880 710 2970 putarunt,
737 2878 827 2949 nibil
847 2880 1019 2972 sequitur.
1054 2878 1152 2950 Dicit
1174 2881 1269 2950 enim

223 2993 332 3078 pocla
357 2984 419 3053 illo
445 2982 528 3053 loco
555 2982 645 3052 nihil
665 2981 781 3067 aliud,
808 2981 879 3054 nisi
899 2984 968 3052 deo
994 2983 1055 3052 vel
1076 2981 1180 3052 heroi
1203 2981 1269 3054 hu·

223 3087 301 3161 mili
326 3105 513 3170 sermone,
554 3083 616 3176 qui
641 3082 827 3154 hominum
852 3083 916 3169 sit,
956 3083 994 3154 in
1025 3085 1178 3154 taberna
1205 3086 1268 3153 de·

223 3190 402 3286 gentium,
443 3185 695 3258 abstinendum
728 3207 820 3256 esse.
880 3185 1010 3277 Itaque
1041 3186 1185 3272 nescio,
1222 3207 1269 3256 aa

224 3313 368 3366 sumere
395 3289 521 3375 liceat,
563 3287 792 3358 tabernariae
818 3309 949 3357 nomeu
977 3309 1000 3356 a
1026 3287 1269 3378 grammaticis
1313 3351 1316 3354 .

222 3415 373 3489 prorsus
398 3390 520 3461 fictum
547 3411 646 3475 esse,
687 3411 797 3481 quum
821 3390 984 3459 fabulam
1011 3396 1172 3480 togatam
1201 3411 1266 3460 no·

224 3519 307 3568 men
334 3494 503 3587 generale
529 3492 719 3578 fecissent,
746 3514 789 3559 ac
815 3501 1008 3581 propterea
1034 3492 1149 3576 aliud,
1184 3511 1267 3581 quo,

214 3621 319 3693 ‘quae
346 3603 453 3664 antea
478 3599 605 3684 togata
631 3593 835 3678 dicebatur,
871 3593 1130 3682 appellaretur,
1169 3593 1268 3661 inve·

224 3700 393 3772 ciendum
420 3701 527 3765 esset.
579 3691 708 3784 Neque
734 3695 827 3763 enim
848 3702 1011 3763 nostram
1032 3694 1269 3764 adscribimus

225 3799 386 3895 opinioni
406 3795 608 3883 Diomedis,
636 3795 793 3893 qui¹⁷⁰):
820 3793 1010 3884 „Initio,“
1034 3795 1163 3887 inquit,
1190 3803 1269 3884 „to-

228 3947 533 3968 ...Μ-

313 4017 387 4098 169)
410 4016 500 4095 apat.
515 4014 552 4072 aa
565 4013 624 4072 ra.
637 4021 707 4074 roo.
725 4045 768 4058 --
797 3973 870 4094 tro)
893 4014 942 4071 ιιι.
964 4035 991 4092 ρ.
1011 4020 1071 4076 ιιι
1090 4035 1135 4098 a·
1153 4013 1269 4072 rusca.

225 4106 308 4186 Apud
316 4101 480 4162 Rhabauum
492 4099 619 4158 Maurum
632 4099 667 4156 de
678 4099 740 4157 Art.
756 4117 874 4178 gramm.
886 4098 938 4168 ll.,
954 4100 1032 4177 opp.
1045 4101 1085 4157 'll
1094 4099 1115 4156 l.
1131 4119 1158 4176 p.
1170 4105 1211 4158 47
1223 4099 1269 4156 ed.

227 4191 344 4261 dolon,
366 4186 413 4246 ubi
429 4183 574 4244 Diomedis
590 4183 670 4242 locus
691 4183 844 4262 repetitur,
867 4183 976 4243 initium
997 4184 1058 4242 eius
1080 4183 1122 4242 sie
1136 4183 1269 4262 scripturn
