2932 4842
1132 369 1210 450 155

167 549 270 632 cileg„
298 549 381 610 erne
403 547 494 610 'l'lics
520 547 585 609 erit.
608 547 648 609 T.
666 545 714 608 Ν.
741 567 769 627 p.
781 553 859 621 691,
888 546 1029 608 senilem:
1061 547 1207 623 Pensse,

168 655 258 708 mee,
285 633 408 695 sonabo
429 632 599 712 pullulans
620 633 758 692 laudem
780 631 905 693 addito
926 655 955 713 p.
994 634 1078 714 Gesp.
1100 634 1208 714 Sciap-

167 720 232 800 pins
254 718 402 779 Verisimil.
424 719 447 778 l.
470 723 511 779 17
532 717 675 777 distribuit
699 718 787 778 verba
812 717 841 778 in
863 717 934 778 (lues
955 737 1055 780 versus
1079 716 1210 798 imperfe-

169 814 241 864 ctos.
285 803 379 863 Verbo
398 802 448 863 Ne
469 802 592 882 puello
612 801 820 861 fascinetur
839 802 903 876 elii,
924 809 957 862 ut
977 803 1131 866 Turnebus
1152 804 1210 864 Ad·

168 910 243 950 vers.
264 887 372 946 XXlll.
397 896 434 947 11
465 893 494 946 et
512 887 633 946 xxvii.
657 895 712 958 23,
745 887 877 968 Scaliger
898 888 934 946 nd
956 887 1037 948 Verr.
1057 889 1094 948 de
1114 888 1151 949 L.
1172 888 1209 948 1.

168 974 217 1032 Vl.
239 995 267 1052 p.
280 980 320 1034 98
343 973 387 1032 ed.
408 971 489 1050 Bip.‚
519 971 647 1030 Muretus
670 971 778 1030 Varias.
801 972 866 1031 leet.
889 972 940 1032 lX.
963 981 998 1046 3,
1028 972 1116 1052 ipsius
1141 979 1209 1052 poi·
1331 1012 1339 1026 .

171 1066 218 1118 tac
245 1077 309 1116 esse
337 1062 486 1137 putarant,
522 1057 586 1128 elii,
625 1063 657 1114 ut
686 1057 851 1115 Gulielmius
880 1063 910 1114 et
935 1057 1092 1118 Pelmeriue
1119 1056 1148 1116 ll.
1176 1077 1211 1128 c.,

168 1143 335 1213 Pntschius,
368 1142 525 1220 Scioppius
552 1141 570 1200 l.
593 1159 634 1212 u,
666 1140 782 1200 Vossius
807 1141 927 1218 Etymol.
954 1161 982 1201 v.
1010 1141 1207 1214 Fasciuuru

78 1221 81 1228 ’
168 1227 303 1297 Bothius,
331 1225 543 1308 grammaticum
565 1225 621 1285 ieta
641 1226 746 1286 addere
772 1225 953 1286 arbitrantur.
996 1226 1108 1286 Similes
1130 1226 1209 1287 locos

34 1935 122 2025 'ts

170 1313 264 1392 plarcs
286 1311 360 1391 apud
382 1310 556 1388 sosipatrum
578 1309 721 1381 invenias,
756 1309 805 1369 ubi
826 1310 861 1370 (le
882 1329 934 1370 suo
956 1311 992 1369 ed
1014 1311 1209 1390 explicandum

169 1396 275 1476 uliquid
296 1395 407 1468 adiicit3
433 1401 466 1453 ut
485 1395 607 1454 dubitari
629 1401 769 1474 nequeat,‘
787 1415 848 1454 eum
868 1395 913 1454 hic
931 1415 1041 1476 quoque
1061 1395 1110 1456 illa
1130 1395 1208 1454 eddi·

170 1482 261 1552 disse,
295 1479 395 1559 quibus
427 1479 550 1557 explicet
578 1480 742 1540 vocabulum
770 1478 998 1559 praefiscini.
1031 1513 1073 1525 -
1103 1479 1208 1538 Titinii

170 1565 256 1628 verba
283 1565 352 1624 mire
380 1564 521 1624 intellexit
548 1565 701 1624 Turnebus
729 1565 847 1626 Adsere.
868 1565 986 1624 xxvii.
1012 1573 1061 1626 13.
1093 1564 1208 1636 „Titi-

171 1651 290 1720 nius‚“
311 1649 418 1727 inquit,
441 1650 503 1721 „in
525 1649 668 1719 Setino,
691 1649 803 1708 Paula
825 1651 1049 1709 mcuamabo.
1071 1648 1208 1727 eccequi

171 1735 312 1814 loquitur,
351 1734 467 1792 Paulam
498 1734 617 1813 puellam
646 1733 762 1794 laudare
792 1735 925 1814 perabat:
963 1735 1053 1794 altera
1081 1733 1208 1812 sequitur

170 1841 237 1878 mox
259 1838 395 1898 persona,
416 1838 488 1896 quae
510 1819 538 1876 id
560 1818 672 1888 metu-it,
695 1826 725 1877 et
745 1817 919 1897 praefiscini,
942 1826 1017 1878 metu
1037 1817 1137 1878 fascini
1160 1819 1209 1878 ed·

170 1905 199 1964 di
220 1904 381 1985 postuslahat
407 1903 444 1962 ad
469 1903 589 1963 laudem.
632 1903 696 1962 Pol
724 1906 786 1962 tu“
807 1910 862 1963 etc.
904 1904 1022 1963 Rectius
1044 1903 1208 1963 Gulielmius

169 1991 189 2049 l.
212 2009 253 2048 e.:
276 1989 372 2060 „Cum
387 2022 428 2032 -
443 1988 572 2047 laudaret
592 1987 718 2047 Setinum
738 1988 877 2069 virginem
899 1989 1039 2066 pronuba,
1061 1987 1121 2048 sive
1138 2006 1210 2068 quae

170 2074 227 2134 elia
259 2072 329 2132 soit:
363 2072 523 2150 interpellat
551 2073 642 2132 alteru
669 2068 834 2154 (persone),
865 2073 995 2134 Peulla
1024 2078 1122 2132 asea“
1154 2079 1209 2132 etc.

169 2160 269 2238 Neque
290 2157 372 2217 aliter
393 2157 559 2237 Scioppius.

648 2292 727 2350 xvi.

193 2412 197 2420 '
255 2409 401 2470 Charisius
422 2410 458 2469 ll.
479 2431 507 2490 p.
522 2416 584 2472 190
605 2430 650 2490 ap.
672 2410 804 2472 Pascua
834 2407 1074 2482 „Pollicitus
1095 2439 1137 2454 ·-
1158 2407 1213 2468 Ti·

171 2495 258 2558 tiuius
280 2495 308 2554 iu
331 2495 446 2555 Setina:

839 2621 889 2632 -
914 2578 1035 2650 Stetui
1059 2581 1215 2650 stituam

274 2671 526 2752 Publieitus.“
552 2721 599 2732 -

427 2793 430 2802 ’
651 2831 742 2892 xvir.

258 2949 403 3011 Charisius
420 2951 456 3009 ll.
484 2971 512 3030 p.
528 2957 588 3012 192
610 2971 655 3028 op.
677 2951 810 3010 Puteola:
840 2950 959 3022 „Qum
993 2949 1100 3028 procul.
1131 2949 1214 3010 llere

174 3032 437 3118 (Eclog.lX.1):
471 3035 546 3100 (luo
580 3043 630 3107 te,
660 3035 788 3107 llloeri,
820 3036 946 3114 pedesl
978 3054 1036 3106 nn,
1065 3053 1132 3113 quo
1157 3033 1216 3094 vie

174 3121 289 3192 ducit,
320 3120 354 3178 in
386 3119 522 3178 urbemi
570 3120 628 3178 Aut
654 3120 699 3178 cui
727 3120 783 3191 rei,
815 3127 848 3178 ut
869 3120 946 3179 dicus
967 3137 1023 3196 quo
1045 3137 1133 3196 prope
1161 3123 1214 3190 est,

173 3214 206 3266 ut
226 3206 324 3265 eadem
346 3204 441 3285 gratia
462 3203 591 3263 'liticine
612 3204 640 3264 in
663 3204 764 3263 Setina
784 3204 895 3263 locutus
917 3222 981 3262 esse
1001 3202 1144 3263 videatur:

226 3306 285 3377 De
304 3297 395 3376 acue
413 3327 564 3392 sumnia,
587 3329 658 3397 qao
673 3306 833 3376 evolavit
846 3296 965 3398 gilius
980 3293 1215 3396 galliuiiceus.

175 3426 239 3484 Non
267 3444 304 3482 ex
331 3442 402 3501 qua,
433 3441 525 3501 neque
545 3443 600 3502 quo
628 3424 746 3483 sedet.“
777 3455 818 3468 ·-
850 3423 937 3482 aedc
968 3440 1106 3480 summa.
1149 3419 1215 3482 llus.

176 3509 278 3570 aedis
301 3508 425 3588 anima.
447 3539 490 3552 -·
511 3509 683 3569 evolavit.
719 3509 787 3568 Bas.
809 3506 979 3572 evolavit.
1011 3506 1081 3568 illul
1102 3512 1217 3568 senten·

175 3595 233 3653 tiae
249 3593 343 3672 aptius
359 3593 478 3653 ridetur.
501 3626 543 3638 -
571 3613 683 3672 neque
704 3613 771 3672 quo
794 3593 904 3652 sedet.
935 3592 1002 3650 Bes.
1025 3610 1089 3651 nec
1111 3609 1129 3652 e
1148 3610 1215 3670 qua

176 3677 282 3738 redit.
314 3711 357 3723 —
387 3677 486 3755 Steph.
513 3684 620 3738 tuntum
648 3678 733 3737 halet
761 3678 836 3744 Quo
866 3677 1029 3738 avolavit
1058 3696 1088 3758 g.
1116 3697 1147 3758 g.
1175 3708 1219 3720 -

177 3763 282 3835 Aliter,
305 3768 390 3840 atque
411 3781 479 3833 uos,
506 3762 598 3821 locum
620 3763 729 3842 accepit
749 3762 881 3835 Bothius,
912 3761 973 3840 qui,
1001 3761 1111 3820 sublata
1130 3760 1220 3820 luter·

176 3848 332 3928 punctione
353 3854 418 3926 post
440 3865 581 3919 summa,
604 3847 799 3929 interrogandi
820 3847 932 3930 signum
948 3846 1043 3926 posuit
1061 3853 1127 3924 post
1147 3843 1220 3927 gel·

177 3932 353 3992 linaceus.
408 3932 466 3992 Sel
493 3932 615 4014 intelligi
641 3933 753 3994 ridetur
779 3952 817 3991 ex
844 3931 938 3993 verbis
959 3929 1095 4002 chmisii,
1126 3931 1221 4008 inepte

179 4017 396 4097 interpretantis
418 4037 502 4097 quo,
534 4018 609 4097 quod
630 4018 659 4077 in
680 4025 801 4096 utroque
822 4016 950 4096 exemplo
971 4015 1058 4076 allato
1079 4012 1223 4097 significet

179 4102 217 4161 in
250 4121 350 4182 quem
379 4103 513 4174 locum,
544 4101 586 4162 ita
614 4121 679 4164 esse
705 4102 976 4186 interpungendum,
1004 4105 1038 4160 ut
1062 4117 1116 4161 nos
1136 4098 1223 4158 inter-

187 4205 346 4269 pnnsrsnns.
