2940 4838
1119 345 1203 422 239

652 521 715 581 XV.

250 639 361 702 Nonius
382 663 410 722 p.
431 639 549 702 noted.
564 639 668 702 Meron
692 639 894 714 ,‚Tenacia,
916 638 1096 720 parsimonia.
1122 637 1205 702 Afra·

165 728 231 790 nius
253 728 281 786 in
304 727 458 808 privigno:
862 761 875 791 2
932 807 941 822 ο

218 828 355 902 Vixisti
381 828 504 914 tristis,
533 827 655 913 dirus,
682 825 849 914 difficilis,
876 832 1031 897 tenax.⁴‘

166 947 293 1007 trlstis
314 964 460 1025 perperam
481 944 615 1004 omittunt
637 944 698 1005 did.
721 950 750 1004 et
771 943 838 1003 Jnn.

648 1111 728 1170 XVl.

253 1230 363 1289 Nonius
385 1252 412 1310 p.
427 1235 488 1292 409
511 1227 554 1290 ed.
576 1229 680 1290 Mero:
703 1227 871 1302 ‚,Triste,
886 1247 1030 1290 ,severum
1068 1231 1102 1290 (3.
1124 1228 1208 1290 Afro·

173 1317 238 1378 nius
265 1315 412 1396 Privigno.
432 1317 447 1348 ⁰
474 1314 509 1372 dc
536 1311 639 1374 officiis
665 1313 736 1372 libro
764 1315 852 1396 primo
875 1309 948 1394 (Cic.
971 1316 1007 1376 de
1028 1313 1206 1399 0ff„1.ao):

167 1403 206 1461 ln
246 1401 323 1460 eiua
361 1397 534 1460 familiari
572 1397 748 1477 Scipione
783 1398 930 1458 ambitio
968 1399 1093 1471 maior,
1132 1398 1208 1461 vita

168 1486 351 1547 tristior.“
394 1485 427 1542 C.
455 1482 629 1544 Afranius
657 1489 710 1543 ete.
747 1482 796 1542 Sic
820 1484 909 1543 Marc.
946 1483 1207 1546 [ld-lumdfra.
1305 1481 1307 1487 ’

166 1561 433 1650 Privignoz'lll.
465 1567 561 1628 Tull.
589 1567 629 1629 de
657 1565 735 1628 osli.
758 1575 812 1630 etc.
855 1570 886 1626 ln
918 1567 1122 1648 antiquioribus
1144 1570 1207 1630 edd.

167 1657 238 1719 haec
259 1675 316 1713 non
339 1659 463 1713 exstant.
489 1651 661 1714 Meroetins:
690 1650 888 1724 „Afranius
915 1651 1105 1735 Privigno)
1128 1653 1208 1714 locus

20 1799 23 1806 ,
72 1805 75 1815 Δ
169 1741 264 1812 deest3
296 1738 399 1796 omissa
429 1737 543 1818 integra
571 1735 646 1796 linea
679 1737 714 1796 ab
748 1738 923 1816 exscriptore
951 1739 1208 1822 negligentissimo.

168 1831 252 1908 potes
274 1823 403 1902 supplere
425 1841 462 1880 ex
483 1821 545 1902 ipso
567 1821 660 1882 Nonio
683 1818 825 1902 (frogmm.
841 1823 891 1885 ll'.
909 1820 1004 1904 XV.):

214 1907 354 1968 Vixisti
375 1905 513 1978 tristis,
535 1905 659 1977 durus,
682 1905 872 1978 difficilis,
894 1913 1013 1969 tenax.
1063 1906 1150 1974 lterna

213 1993 289 2059 Non
311 2010 379 2078 ego
400 1999 435 2055 te
456 1990 540 2054 aovi
562 1991 705 2052 tristem
727 2011 864 2052 servum
884 1992 1063 2052 serinml“

642 2159 734 2221 Xl'll.

257 2274 368 2338 Nonius
400 2297 428 2355 p.
448 2280 511 2338 4³4
534 2277 579 2335 ed.
600 2276 704 2336 Mera:
736 2261 931 2351 „Profesti
962 2283 992 2338 et
1017 2277 1107 2338 festi
1132 2276 1208 2338 dies

171 2363 370 2424 discernuntur
397 2361 456 2420 sier
485 2359 604 2439 profesti
631 2368 698 2420 sunt
724 2360 923 2426 a.festivitota
947 2363 1039 2424 vaani.
1073 2361 1208 2424 Afraniae

169 2449 199 2508 in
220 2447 374 2528 Privigno:

234 2532 331 2598 Quae
362 2528 455 2590 festi
485 2527 610 2590 facere
636 2551 701 2590 nos
732 2531 884 2590 solemne
911 2532 982 2604 die,
1016 2532 1207 2593 cotidiano

234 2635 345 2696 opere
372 2613 561 2694 promisoit
588 2616 718 2687 emnia,
747 2635 859 2695 aeque
887 2616 1052 2696 profesto
1082 2638 1207 2679 eonce-

234 2702 354 2761 labras
375 2699 526 2760 locum.“

171 2803 220 2862 Sic
252 2803 323 2861 hoec
351 2800 438 2861 edidit
462 2800 632 2872 Memoriae,
663 2800 692 2859 in
718 2797 861 2860 annotatis
882 2799 979 2861 festo
1001 2804 1088 2864 scribi
1108 2805 1208 2864 iubens

171 2886 342 2966 profesti.
374 2885 472 2963 Steph.
499 2883 619 2946 sestis.
649 2886 715 2946 Jon.
742 2884 890 2948 festivo.
911 2919 955 2932 ·—-
983 2886 1112 2952 faeere
1133 2910 1206 2950 nos.

171 2973 241 3032 Ven.
251 2972 273 3030 l.
284 2972 320 3031 ll.
336 2972 402 3029 Par.
420 2969 553 3030 locere.
569 2970 631 3028 Ald.
645 2971 712 3030 Bas.
731 2971 828 3051 slepa
844 2971 910 3032 Jun.
932 2991 997 3034 nos
1018 2972 1152 3034 faeere.
1165 3007 1207 3020 -

172 3057 238 3116 die.
270 3057 337 3115 Par.
366 3054 428 3113 Ald.
458 3056 523 3114 Bas.
553 3054 649 3134 slepa.
678 3056 728 3114 de.
750 3089 791 3102 -
813 3055 1011 3134 promiscit.
1042 3058 1112 3118 Ven.
1131 3059 1152 3118 l.
1170 3060 1206 3120 11.

170 3135 399 3222 promiscnet'.
426 3138 493 3197 Por.
522 3138 584 3197 ald.
607 3139 672 3198 llas
696 3140 793 3218 Steph.
816 3141 882 3199 lun.
904 3142 1114 3219 promiscue.
1137 3145 1208 3205 Jnn,
1315 3145 1322 3170 ''

171 3245 262 3306 marg.
285 3224 490 3306 promiscas.
513 3255 556 3267 -
577 3225 691 3282 omnia
718 3225 851 3283 omittunt
872 3224 941 3284 Ven.
956 3226 979 3284 l.
995 3229 1031 3286 ll.
1053 3229 1119 3288 Par.
1141 3229 1205 3288 Ald.

170 3312 237 3371 llas.
269 3311 365 3390 Steplr.
392 3341 435 3354 -
461 3325 583 3386 aeqne.
613 3309 676 3368 Ald.
707 3309 774 3368 llas.
803 3311 899 3389 Steplr.
927 3317 1044 3390 atque.
1065 3345 1108 3358 --
1129 3333 1207 3392 pro-

171 3395 281 3454 festo.
303 3395 374 3453 Van.
394 3394 417 3452 Ι.
438 3393 473 3452 ΙΙ.
496 3391 674 3471 profecto.
697 3425 738 3437 -
766 3394 973 3472 ApndFestnm
992 3418 1020 3459 v.
1041 3396 1210 3458 Profenti

171 3480 261 3553 dies,
292 3480 407 3560 Fragor.
435 3499 462 3555 p.
488 3483 527 3537 19
555 3477 598 3536 ed.
629 3477 731 3537 Ilaoer.
757 3479 828 3538 lraec
858 3487 989 3540 exstant:
1017 3482 1211 3553 „Profestl

171 3565 251 3624 dies
279 3560 375 3643 di(cti‚
414 3562 489 3640 qnod
521 3561 578 3620 sint
607 3563 703 3640 procul
734 3582 752 3621 a
781 3564 923 3644 religione
954 3563 1087 3647 nominis)
1110 3568 1206 3628 divini.

171 3649 312 3709 Caecilius
325 3649 357 3707 in
378 3689 386 3707 .
409 3687 417 3705 .
440 3688 448 3705 .
472 3643 577 3725 (qaod
598 3646 747 3706 facimus
769 3649 948 3727 profesto,
970 3649 1111 3730 lecilsti
1133 3660 1206 3712 tan·

169 3735 310 3793 tundam
334 3729 484 3812 (festivo
506 3731 576 3791 die,
593 3731 659 3792 item
681 3731 829 3814 Afranius)
851 3734 879 3792 in
908 3734 1056 3817 Privigno.
1084 3734 1207 3818 ae(qne

174 3817 360 3897 profesto,
395 3823 523 3876 contra
558 3836 630 3875 cnm
659 3815 869 3892 celebrasl.“
913 3819 1030 3880 Uocinis
1059 3821 1207 3883 inclusae

170 3903 269 3963 Fulvio
291 3903 394 3960 Ursino
417 3907 482 3959 sunt
504 3901 625 3982 expleta.
657 3902 787 3983 Scaliger
807 3903 843 3961 ad
865 3903 891 3962 lr.
918 3904 997 3964 Festi
1023 3906 1043 3966 l.
1070 3907 1204 3989 corrigit:

213 3988 312 4053 Quae
333 4005 396 4044 nos
416 3985 570 4045 solemus
592 3984 714 4045 facere
735 3985 876 4048 festivo
898 3987 971 4061 die,

214 4069 437 4137 Quotidiano
460 4089 569 4147 opere
590 4071 794 4149 promisces
817 4072 939 4132 omnia.

213 4156 259 4214 At
279 4174 368 4234 qnae
388 4151 571 4234 profesto,
594 4161 735 4216 contra:
758 4175 831 4216 cnm
852 4156 1017 4218 celebras
1038 4155 1161 4224 locun.
