2938 4848
1137 349 1205 457 're

659 557 709 618 W.

244 673 354 735 Nonius
375 696 402 755 p.
416 681 481 737 224
503 675 548 735 od.
570 676 673 736 More:
707 676 893 758 „Sanguis
920 675 1075 740 musculiue
1097 697 1206 760 genero

160 760 190 820 io
212 761 416 822 consuetudine
436 761 564 822 bubotur.
586 793 630 808 -
656 762 777 821 Neutro.
798 795 841 808 -·
867 762 962 826 Attius
983 793 1025 808 -
1046 763 1076 822 iu
1093 763 1205 823 Aones·

159 845 203 906 dir
224 852 275 905 out
294 846 401 906 Decios

206 929 279 990 Vim
302 930 477 991 Gall-icem
505 929 621 990 obduc
642 936 769 990 contre
797 930 831 990 in
853 931 932 990 scie
960 932 1206 995 exercitumve

204 1023 342 1095 potrum
363 1015 493 1084 hostili
514 1014 630 1075 iusum
649 1035 812 1097 sanguen
835 1016 1050 1097 songuiuo.“

156 1100 189 1159 ln
211 1101 274 1160 edd.
288 1102 358 1160 Veu.
381 1108 411 1161 et
424 1100 491 1160 Por.
513 1101 560 1160 bic
580 1102 661 1160 locus
683 1101 1062 1180 depravetusdesiderotur.
1083 1135 1126 1148 -
1147 1123 1204 1164 ox-

157 1186 367 1246 oreitumve.
411 1187 508 1265 Stepb.
542 1184 793 1265 exercituque.
844 1185 911 1246 dnn.
942 1187 1067 1247 Scrivor.
1105 1207 1204 1248 exer·

157 1270 290 1331 eituve.
324 1271 391 1330 Juu.
410 1291 500 1352 marg.
522 1271 702 1343 exercitu,
724 1272 834 1331 Ne-
855 1269 980 1331 iusum.
1001 1272 1089 1332 More.
1112 1271 1203 1334 fuso.

155 1355 244 1436 Dugo
266 1355 400 1428 Grotius,
422 1357 560 1436 probante
582 1355 698 1428 vossio,
727 1357 928 1416 emendandum
950 1357 1075 1417 censuit:
1108 1359 1143 1417 V.
1166 1359 1204 1419 d.

156 1459 184 1498 c.
207 1460 233 1500 e.
255 1439 289 1499 iu
310 1441 436 1513 eciem,
470 1441 530 1519 qui
557 1442 682 1521 expiet
708 1441 903 1500 Paternum
929 1442 1060 1502 hostili
1088 1441 1204 1504 furum

156 1544 220 1584 mr.
261 1525 386 1597 Ddriur,
408 1525 559 1605 puteriori
572 1528 666 1588 vomui
684 1527 848 1587 medisinam
869 1545 926 1586 uon
943 1527 1059 1599 bobeno,
1080 1529 1204 1607 priorem

155 1611 198 1668 sic
227 1610 366 1670 restituit:
396 1612 430 1670 V.
453 1613 489 1671 G.
512 1633 539 1670 o.
562 1632 587 1670 c.
616 1611 650 1671 iu
679 1612 788 1671 eciem
814 1612 1024 1672 exercitum.
1065 1614 1205 1675 Dctbiuss

155 1694 232 1766 „Sic
254 1695 424 1755 scribamus:
447 1731 489 1742 -
511 1696 545 1754 in
568 1696 677 1756 eciem
701 1697 909 1757 exercitum.
953 1699 1025 1757 Vno
1046 1699 1201 1777 petrium

154 1779 285 1838 bostili
311 1779 432 1839 infuso
454 1801 478 1840 s.
501 1799 524 1839 s.
567 1779 640 1840 Vim
663 1782 753 1841 Geli.
780 1789 908 1842 contro
935 1783 1039 1842 dictum
1060 1804 1112 1862 per
1134 1805 1202 1846 ouo-

154 1865 299 1943 stropbon.
330 1865 401 1924 Voo
423 1885 486 1929 cum
506 1869 670 1926 cremetis-o
690 1867 774 1926 etiem
796 1867 854 1926 eiii.
888 1866 1029 1938 lutoso,
1051 1889 1108 1928 nou
1125 1868 1201 1930 suso.

157 1949 255 2009 Facile
275 1949 360 2028 periit
380 1970 432 2028 per
460 1951 652 2028 compendium
679 1952 787 2032 scripto
811 1953 994 2031 praepositio.
1002 1957 1021 1988 ‘⁶
1064 1954 1127 2014 Nou
1150 1956 1202 2016 du-

157 2033 234 2104 bito,
256 2035 324 2112 quin
344 2035 498 2115 legendum
517 2035 570 2094 sit:

206 2117 291 2190 Vim
316 2115 494 2192 Geticam
514 2122 632 2192 obduo
658 2119 784 2192 edutro
804 2121 841 2190 in
861 2121 978 2193 aciem
1003 2123 1202 2198 exereitum

205 2218 428 2314 Reporttum
454 2221 577 2292 hostili
601 2224 722 2292 fusum
748 2245 911 2316 sanguen
936 2225 1123 2314 sunguine.

155 2322 389 2404 Reporotum,
418 2322 527 2397 idest,
554 2330 588 2382 ut
604 2330 764 2404 separetur.

658 2510 693 2569 V.

238 2626 347 2685 Nonius
368 2648 396 2705 p.
411 2631 473 2690 257
495 2629 539 2688 ed.
561 2628 666 2690 Monet
697 2630 844 2704 „Callet
873 2629 1019 2714 signifieat
1044 2633 1112 2708 seit,
1143 2636 1199 2706 boc

152 2711 404 2856 iist’abiissiibtciie'
428 2732 500 2792 quoe
522 2720 567 2774 est
587 2714 698 2774 urbane
713 2715 842 2776 scientie.
867 2750 906 2764 -
927 2719 1025 2780 Attius
1044 2719 1072 2779 in
1086 2721 1198 2783 deuce-

118 2880 141 2900 “·
203 2881 315 2960 (dudd
338 2882 444 2974 periti
470 2885 593 2954 sdmns
625 2885 662 2954 iu
688 2884 765 2954 vite
790 2893 898 2979 atque
924 2890 993 2960 deu
1021 2883 1196 2968 cellemo'os

685 2986 840 3078 megis.“

151 3083 287 3144 Dotbius:
319 3085 439 3156 „Verbo
459 3083 583 3145 fortusse
604 3087 699 3159 Fabii,
730 3087 909 3150 ferociori
943 3101 979 3150 ot
1010 3099 1134 3154 notate
1159 3101 1196 3155 ot

150 3169 282 3250 vigore
310 3169 430 3243 enimi,
462 3177 494 3229 ut
515 3170 556 3228 eit
576 3170 640 3232 Liv.
657 3181 706 3243 10,
730 3181 790 3245 28,
822 3174 911 3234 Decio
934 3177 1093 3250 suadentis,
1123 3187 1156 3253 ut
1176 3199 1197 3238 n

151 3260 258 3314 temere
278 3253 444 3315 invadendis
464 3254 592 3314 hostibus
614 3257 764 3316 obstineat.
819 3258 936 3319 insolite
958 3260 1060 3320 dictum
1082 3264 1195 3341 periti

151 3357 271 3400 sumus
299 3339 333 3396 in
361 3339 437 3399 vito
462 3359 514 3418 pro
544 3341 656 3400 vito.“
708 3343 827 3401 Multum
847 3344 960 3406 volebat
981 3346 1055 3423 opud
1075 3347 1194 3408 Decium

151 3421 233 3484 Dubii
264 3424 428 3484 ouctoritos.
472 3425 535 3483 Vid.
558 3425 657 3487 Livius
678 3427 752 3486 Dist.
779 3428 817 3486 X.
842 3431 881 3488 25
904 3448 947 3506 sq.
989 3431 1109 3490 Periti
1139 3453 1193 3493 su·

149 3525 220 3566 mus
241 3507 317 3568 vitu
338 3515 368 3566 et
387 3509 498 3587 periti
520 3530 638 3570 sumus
659 3511 694 3572 in
716 3510 791 3571 vita
812 3533 868 3574 uon
890 3512 965 3574 idem
986 3523 1045 3587 est,
1073 3523 1106 3576 ut
1125 3518 1193 3578 mibi

149 3591 269 3650 videtur.
322 3593 442 3652 Periti
463 3614 579 3653 sumus
600 3595 676 3656 vito
696 3595 769 3656 idern
791 3596 950 3678 significet,
982 3602 1057 3679 quod
1079 3603 1192 3680 periti

150 3694 268 3754 sumus
296 3676 397 3737 vitoe
423 3678 469 3738 vel
496 3679 538 3738 ed
564 3678 686 3752 vitom3
718 3682 827 3758 periti
849 3703 967 3742 sumus
987 3685 1019 3744 in
1042 3687 1131 3758 vita,
1162 3689 1194 3748 id

150 3768 209 3831 est,
242 3768 437 3841 pertenues,
461 3765 543 3840 ¹(ruod
563 3764 698 3842 viximus,
729 3767 829 3844 periti,
859 3769 888 3826 id
916 3775 975 3840 est,
1006 3773 1091 3853 periti
1110 3772 1197 3847 fecti.

149 3861 254 3906 sumus.
570 3895 572 3898 -

640 4001 689 4060 Vi.

231 4113 340 4173 Nonius
361 4135 389 4194 p.
406 4122 463 4176 123
487 4117 532 4174 ed.
553 4117 656 4177 Mero:
689 4121 878 4201 ‚,lgnevit,
908 4127 1022 4200 idest,
1054 4131 1186 4212 ignorum

147 4194 224 4257 feeit.
266 4199 361 4258 Attius
383 4200 412 4258 in
433 4201 574 4261 Aeneadis
595 4208 645 4261 eut
664 4203 770 4265 Decio:
