2938 4848
268 277 373 409 ro

267 507 511 602 pluuipcdum.
569 503 668 582 Num
692 515 776 584 unte
802 505 991 589 olannus
1016 515 1198 603 temporo,
1232 514 1315 606 pui-
1446 563 1447 604 p

267 613 337 684 uus
367 611 465 684 istud
497 610 704 684 fabularum
729 630 845 705 genus
878 611 1048 689 maxime*
1062 615 1319 706 excolebatur,
1446 669 1447 698 l

267 723 445 806 nusquam
469 713 663 788 mimorum
677 713 719 786 fit
735 714 893 806 mentio,
917 733 1028 809 quum
1046 715 1317 808 planipesiam
1446 757 1447 778 ι

268 813 553 894 a'I'..lIuinctio
577 815 688 904 Atta,
721 816 783 908 qui
807 839 902 890 euno
927 817 974 892 U.
996 813 1039 898 G·
1055 816 1314 892 Dcaxxvl.
1446 837 1447 858 ¹

150 987 153 996 ,
267 917 346 988 sivo
372 925 456 988 ante
476 915 563 991 (ihr.
589 940 625 988 n.
648 917 872 992 LXXVIII.
898 927 1050 1004 mortem
1076 920 1184 1008 obiit,
1209 941 1316 994 coma
1446 919 1447 938 ¹

265 1024 497 1090 memoretur.
531 1018 621 1092 Eius
638 1043 786 1093 versum
798 1021 896 1094 hunc
912 1021 1018 1107 affort
1031 1020 1316 1120 Diomedes³¹Js

316 1119 515 1208 „Daturiu’
542 1124 630 1196 estIs
656 1122 807 1196 aurumi
841 1125 999 1214 exsultat
1023 1124 1198 1216 planipes.
1208 1129 1232 1168 “

264 1221 395 1316 Itaque
418 1224 479 1294 vel
504 1223 560 1311 id,
586 1227 685 1316 quod
708 1223 867 1298 Romani
892 1249 937 1298 eo
963 1227 1108 1299 demum
1133 1234 1313 1317 tempore,

266 1347 337 1416 quo
370 1324 440 1396 hae
463 1326 614 1398 fabulae
646 1329 719 1398 iam
753 1330 800 1400 ad
824 1329 1084 1418 perfectionem
1116 1350 1220 1412 suam
1236 1351 1313 1409 ¹ve·

264 1435 413 1514 nerunt,
457 1421 642 1499 Graecum
673 1430 770 1500 istud
801 1453 933 1504 nomen
966 1451 1143 1521 usurpare
1177 1451 1312 1520 coepe·

263 1537 366 1614 rrmt,
399 1528 510 1600 statui
537 1537 651 1618 vetat,
685 1531 915 1624 planipedum
940 1532 1222 1623 appellationem
1242 1530 1313 1602 ho·

263 1631 461 1702 nestiorem
496 1630 634 1718 sehse,
668 1655 777 1726 qmrm
808 1635 1011 1706 mimorum.
1074 1631 1179 1714 Nam,
1209 1633 1313 1716 haud

264 1732 373 1802 dubie
398 1754 526 1802 recens
554 1736 707 1826 scriptas
722 1735 894 1825 'fabulns,
930 1753 1021 1828 quas
1045 1735 1208 1807 mamma
1230 1730 1314 1830 quis,¹

265 1834 348 1904 dem.
373 1855 422 1906 ex
446 1841 550 1925 parte
574 1837 858 1928 praestantiores
882 1839 998 1908 fuisse
1030 1837 1160 1930 liquet,
1196 1833 1310 1929 siquiss

264 1935 423 2006 demite
456 1936 590 2009 alteras
623 1940 670 2009 ah'
696 1940 819 2011 alteris
845 1940 1067 2032 distinguere
1094 1937 1309 2026 voluisseut,

265 2037 373 2108 etiam
398 2040 622 2128 recentiore,
655 2041 794 2129 idest,
827 2042 1037 2128 mimorum,
1073 2040 1219 2110 nomine
1246 2061 1309 2132 ap·

262 2139 507 2232 pellavisseut.
559 2139 702 2234 Deinde
725 2144 790 2215 vix
806 2166 1021 2238 quemquam
1044 2135 1311 2220 intellecturum

263 2243 392 2329 credo,
437 2243 500 2336 qui
530 2245 813 2335 praestantiores
854 2269 902 2316 ex
942 2244 1059 2316 mimis
1094 2240 1310 2335 planipedes

261 2345 441 2414 nominari
465 2347 665 2437 potuerint,
708 2370 818 2441 quum
843 2347 889 2417 iu'
906 2348 977 2418 hoc
1002 2347 1114 2416 verbo
1141 2347 1309 2436 proiecto

262 2446 352 2536 nihil
376 2446 478 2532 insit,
505 2450 602 2541 quod
629 2450 788 2542 aliquam
813 2449 1072 2540 praestantiam
1094 2447 1244 2542 prodat,
1265 2442 1312 2518 ‘id

261 2548 377 2640 quod,
417 2548 449 2618 si
474 2548 545 2620 hoc
569 2573 702 2621 nomen
736 2551 921 2622 inventum
947 2558 1061 2637 esset,
1104 2555 1146 2618 ut
1171 2543 1312 2642 aliquid

261 2647 506 2741 praestantius
545 2674 591 2723 eo
630 2653 867 2740 indicaretur,
893 2651 1159 2727 ‘necessarium
1198 2656 1306 2722 esset

260 2749 391 2848 Neque
422 2749 451 2822 ii
474 2753 565 2840 loci,
608 2755 671 2826 uhi
696 2755 926 2846 planipedum
951 2755 991 2826 fit
1016 2755 1169 2842 mentio,
1211 2753 1307 2823 eius·

261 2854 363 2925 modi
387 2858 488 2938 sunt,
528 2864 569 2926 ut
592 2854 756 2950 Ziegleri
781 2857 986 2949 opinionem
1011 2857 1176 2949 probent.
1227 2851 1306 2925 Do·

261 2963 387 3026 natum
411 2957 591 3046 scribere,
627 2960 868 3052 planipediam
893 2959 1025 3028 dictam
1051 2980 1133 3029 esse
1167 2958 1213 3027 ol)
1238 2955 1306 3025 hu·

261 3058 449 3130 militatem
473 3063 676 3152 argumenti
702 3085 746 3132 ac
770 3063 945 3132 vilitatem
971 3068 1152 3146 autorum,
1181 3057 1306 3151 quiin
1448 3125 1449 3148 χ

262 3183 397 3232 scaena
410 3161 518 3252 plano
537 3165 631 3254 pede
650 3171 854 3251 uterentur,
881 3164 954 3233 iam
973 3163 1141 3233 vidimus.
1192 3161 1307 3252 Apud

261 3259 544 3363 Macrobium³²)
585 3266 748 3358 planipes
787 3266 970 3358 impudica
1010 3271 1047 3334 et
1078 3267 1307 3355 praetextata

261 3367 376 3436 verba
401 3367 522 3438 iacere
547 3369 689 3442 dicitur.
736 3367 876 3460 ¹Neque
902 3365 1059 3438 Ausonii
1084 3366 1165 3436 loco
1194 3365 1304 3434 allatu

141 3466 152 3483 “
261 3465 422 3560 Ziegleri
455 3472 669 3541 sententiam
702 3471 924 3558 confirmari,
966 3467 1090 3559 paullo
1127 3474 1211 3536 unte
1244 3467 1304 3535 de·

261 3570 554 3644 monstravimus.
601 3570 770 3667 Denique
784 3595 912 3664 parum
930 3570 1102 3641 credibile
1117 3575 1205 3653 est„
1218 3567 1305 3638 scri·

261 3679 385 3761 ptores
412 3674 560 3744 easdem
584 3675 749 3763 fabulas,
788 3681 897 3767 prout
922 3678 986 3742 aut
1009 3671 1125 3764 magis
1152 3681 1216 3750 aut
1239 3669 1304 3740 mi·

261 3794 331 3843 uus
349 3771 542 3844 artificiose
561 3777 622 3846 vel
639 3777 791 3849 honeste
817 3775 1038 3868 compositae
1064 3778 1203 3858 essent,
1230 3777 1306 3840 tam
1448 3853 1449 3856 Ἴ

263 3881 364 3945 certa
385 3875 526 3945 ratione
551 3878 646 3949 inter
670 3881 769 3973 Ipsas
791 3879 1025 3950 distincturos
1045 3874 1171 3946 fuisse.
1223 3870 1305 3943 Sal·

263 3986 336 4048 tem
368 3973 589 4052 Plutarchus
619 3983 703 4054 loco
738 3983 858 4074 posito
898 3979 1076 4053 eiusmodi
1109 3973 1305 4047 distiuctio·

338 4153 404 4246 '³1)
433 4163 483 4229 m.
507 4161 677 4250 plara.
698 4167 815 4229 rosel.
842 4201 885 4214 -
912 4161 966 4246 aa)
990 4161 1153 4224 stt-mn.
1176 4167 1204 4221 1.
