2932 4842
1127 385 1206 464 tte

161 562 269 641 ponti
297 562 326 624 in
355 562 499 626 veteribus
523 562 600 624 lecta
626 567 704 624 sunt.
746 561 817 620 Atta
842 560 871 620 io
899 560 1114 621 Conciliatrice:
1145 563 1206 622 Ur·
1281 618 1283 622 .
1409 623 1412 630 ,

160 652 326 712 sum“ete.
348 681 390 696 -
411 647 728 718 AttoCerrio,Botl=.
757 645 1206 726 Vulgereiusneletius.
1247 631 1257 672 ‘

159 763 204 782 ...-
226 733 497 794 Conciliatrice.
542 733 592 792 Sic
623 733 740 802 Carrio,
771 731 860 792 ltlere.
892 731 975 790 uon.
1020 730 1093 790 otim
1118 733 1205 812 vulgo

159 817 324 876 Honilio:
347 818 478 877 Atrine.
510 818 608 896 scopu.
632 817 771 876 Homila.
798 816 950 876 Attrita.
990 815 1049 874 Pro
1072 818 1207 878 ilonila

160 903 259 980 stepo.
281 903 433 962 restituere
454 903 544 963 voluit
564 903 697 974 iliona,
720 921 803 980 quum
812 901 882 959 Attii
898 901 986 961 amba
1002 921 1066 962 osso
1082 910 1204 982 putaret.

458 1203 919 1267 nunnuue'rlo.

242 1339 352 1400 lionins
374 1361 401 1421 p.
414 1347 476 1402 496
499 1341 543 1400 ed.
566 1341 671 1402 llere:
705 1339 877 1414 „Veteribus
897 1339 1055 1422 genitivum
1075 1359 1128 1421 pro
1157 1362 1204 1402 ae·

157 1425 286 1485 curative
308 1425 375 1505 poni
396 1426 497 1505 placet.
520 1459 563 1472 -
583 1426 653 1485 Atto
674 1425 702 1484 io
725 1425 940 1486 Gratuletiono:

208 1517 361 1598 Nihilne
392 1536 428 1597 te
464 1519 593 1624 populi
622 1533 788 1615 venetur,
830 1519 895 1622 qni
927 1527 1131 1601 vociferare
1163 1521 1203 1600 in

769 1631 868 1700 via.“

156 1730 243 1812 Alte
264 1729 300 1792 in
321 1730 597 1794 Gratuletions.
630 1731 702 1792 otim
721 1731 808 1812 vulgo
830 1739 913 1792 acta
934 1733 1204 1815 gratulatioue3

157 1815 378 1897 cecineruntque
407 1817 478 1878 haee
510 1837 572 1878 eum
604 1817 837 1878 antecedentibus
866 1817 983 1878 Pacuvii
1013 1820 1118 1880 verbis.
1171 1822 1203 1880 ln

155 1919 244 1960 unum
274 1889 394 1964 sentisse
420 1902 464 1960 lic
497 1921 562 1962 ense
589 1902 644 1962 dno
673 1902 817 1981 exempla,
850 1903 906 1960 iam
935 1904 1097 1982 Stephanus
1122 1907 1202 1970 vitto.

155 1985 251 2063 Atto,
271 1987 528 2048 Gratulatiooe
554 1987 679 2048 restitnit
698 1987 816 2067 Lipsius
835 1988 983 2067 Antiquar.
1005 1989 1071 2052 lect
1093 1990 1141 2050 lV.
1165 1997 1202 2065 ὃς

154 2069 233 2136 uuile
260 2068 386 2132 formae
420 2072 516 2134 hausit
545 2072 711 2156 Menoetius.
763 2073 895 2136 Strnvius
927 2074 1022 2134 Ueber
1057 2074 1105 2134 die
1135 2075 1202 2139 Lat·

155 2153 239 2220 llacl.
260 2156 421 2238 conconj.
440 2163 547 2237 p.127
568 2158 729 2238 suspicacis
750 2163 795 2220 est
815 2159 900 2222 Atto
920 2157 1202 2224 {lucubratione

453 2477 905 2541 Lucnuunutc.

197 2653 200 2660 ·
240 2614 351 2673 Nonius
372 2636 399 2694 p.
415 2621 477 2678 468
500 2616 544 2674 ed.
566 2613 671 2675 llere:
703 2616 922 2696 „Auspicavi
951 2637 1004 2697 pro
1037 2607 1200 2702 auspicatus

154 2719 225 2758 snm.
248 2731 290 2746 -·
311 2701 381 2758 Atto
401 2699 430 2758 in
452 2700 680 2760 Lucubratiooer
1171 2733 1173 2739 v

116 2876 117 2879 ,
207 2798 299 2876 Cum
325 2792 443 2896 primo
469 2803 543 2873 luci
567 2801 675 2872 hodie
701 2808 741 2872 ut
766 2795 946 2875 exornztta
971 2805 1030 2894 sit,

203 2903 329 2998 Atque
354 2913 395 2978 ut
420 2905 632 3004 suspicetis:
665 2909 743 2977 cres
771 2913 825 2978 est
851 2909 1052 2984 communis
1083 2911 1201 2986 dies.“

153 3022 255 3086 Atta·
274 3023 356 3107 yl'an.
385 3024 409 3086 l.
435 3023 474 3084 ll.
502 3023 572 3084 Par.
599 3030 687 3084 acta.
719 3055 765 3070 -κ
791 3023 1084 3090 Lucubration:
1117 3032 1200 3090 Corn

28 3135 31 3142 ·
152 3107 274 3186 primo.
318 3107 406 3170 tuoto
437 3109 610 3170 innuentem
636 3107 1045 3172 venithenirati'onum
1076 3115 1199 3194 prino.

152 3223 196 3237 —
217 3191 298 3252 luci.
336 3191 404 3252 Par.
435 3193 525 3252 luen.
570 3194 631 3252 iloe
653 3194 818 3254 vocabulum
839 3214 896 3253 non
919 3196 1046 3271 elidimr3
1079 3209 1135 3260 uec
1154 3208 1200 3260 ta-

153 3296 217 3335 men
234 3278 382 3356 quidquam
402 3278 564 3337 mutandum
585 3278 717 3337 arbitror.
751 3277 796 3338 Gi.
811 3278 916 3339 Titinii
929 3282 1077 3341 Fullonum
1093 3283 1198 3366 fragm.

152 3361 234 3434 Xll.;
257 3363 379 3422 eiusdem
395 3363 511 3423 locertt.
530 3363 562 3422 V.
593 3363 712 3422 Bothins
729 3363 851 3443 priorem
872 3386 985 3425 nemum
1006 3368 1047 3426 sic
1068 3370 1197 3450 scripsit:

218 3448 299 3505 Cum
320 3447 432 3527 primo
454 3447 527 3507 lnei
548 3455 586 3506 ut
606 3456 787 3508 exornata
806 3449 913 3510 hodie
934 3451 998 3526 nit,
1026 3461 1144 3533 etque.

152 3531 275 3590 Facilius
297 3532 384 3591 inseri
405 3533 497 3614 possit
518 3553 558 3592 ea
578 3532 623 3596 uel
644 3535 730 3594 haec
746 3539 819 3594 ¹ante
840 3536 955 3598 hodie.

238 3616 322 3683 Quot
343 3617 379 3676 ad
401 3624 597 3700 argumentum
618 3617 731 3678 fabulae
753 3619 869 3690 attinet,
898 3641 934 3680 ex
956 3621 1141 3706 inscriptione
1163 3646 1197 3689 nc

151 3697 313 3785 fragmento
341 3701 437 3785 colligi
464 3709 573 3784 potest,
605 3711 691 3763 noctu
719 3705 877 3783 nuptiarum
898 3708 1145 3790 praeparationem
1167 3711 1197 3771 in

152 3805 188 3850 ea
208 3785 311 3846 foetam
334 3808 406 3847 esse.
449 3789 635 3848 Exornata
662 3789 725 3864 sit,
756 3809 795 3848 sc.
818 3809 940 3868 sponse3
978 3795 1052 3874 quod
1073 3797 1199 3874 probent

150 3874 372 4036 {iiiiii}
377 3881 643 4030 totitifflt
651 3882 780 4018 itti.
800 3875 1198 4029 lectitantes

133 4039 245 4112 cies,
275 4041 394 4101 Bothius
423 4043 507 4102 docet
535 4063 572 4102 ex
593 4044 721 4106 Moerob.
742 4045 857 4102 Saturu.
880 4046 902 4103 l.
927 4054 982 4108 16:
1011 4051 1124 4121 „Dies
1145 4073 1195 4115 eu·

150 4130 208 4184 tem
229 4127 480 4205 postridianos
508 4129 545 4188 ad
567 4127 659 4187 omnia
686 4129 812 4192 maiores
839 4131 929 4189 nostri
952 4135 1092 4198 cavendos
1112 4144 1194 4220 pute·

149 4216 233 4284 rnnt3
264 4231 336 4290 qnos
357 4212 441 4274 etiam
463 4219 579 4286 atron,
600 4213 681 4274 volart¹
699 4213 826 4274 uem
845 4215 1051 4295 appellatione,
1079 4220 1193 4282 damae·
