2932 4842
1122 364 1204 464 aaa

154 544 209 608 va
229 512 398 625 satanam.
440 540 487 606 ct.
508 543 649 604 mamm
665 539 750 602 aere.
768 541 833 602 aaa
855 545 953 612 nes,
984 537 1104 600 minua
1118 539 1154 600 n.
1168 540 1203 600 n.

157 639 219 701 18,
241 636 271 690 4.
294 633 375 691 ete.“
423 625 576 711 Significat
600 633 693 688 autem
716 626 830 705 proprie
850 625 983 696 rietus,
1009 623 1165 686 derivatum
1184 643 1205 686 a

153 715 317 796 ringendo,
345 714 574 795 corrugationem
595 712 665 774 uris.
708 709 753 772 Cf.
775 709 1018 772 Salaminiae.

658 845 706 904 ΙΙΙ.

245 967 362 1026 Paullus
388 986 425 1026 ex
446 967 550 1025 Festo:
582 965 832 1036 „Cannensem
864 981 1046 1022 eurserem
1074 963 1203 1024 Titinius

154 1072 212 1132 pro
234 1052 342 1131 pistura
363 1051 466 1110 dixit.“
497 1051 560 1110 Jes.
576 1049 709 1130 Scaliger
730 1048 880 1130 legendum
897 1048 1020 1126 putarit:
1043 1050 1202 1109 Cannen-

154 1157 248 1208 sem,
271 1155 455 1195 cursorem
477 1134 670 1194 Titinnius
698 1139 938 1214 praepostere
960 1132 1066 1192 dixit.
1097 1135 1203 1206 „Nata

156 1226 236 1293 est,“
258 1220 364 1299 inquit,
396 1261 414 1292 ‚,
423 1219 614 1280 consternatio
620 1264 630 1292 ,
652 1225 682 1277 et
703 1217 774 1299 fuga
796 1237 907 1289 earum,
930 1217 976 1296 qui
999 1237 1036 1276 ex
1059 1221 1202 1280 Cannensi

155 1307 241 1366 elada
260 1313 425 1365 evaserunt:
448 1305 496 1383 qui
511 1311 619 1374 nectes,
641 1311 671 1362 et
686 1303 747 1362 dies
761 1322 901 1380 nunquam
914 1321 1038 1374 narsum,
1058 1312 1087 1363 et
1102 1302 1201 1386 sugam

154 1390 371 1454 intermiserint.
392 1423 436 1436 ·—
461 1389 505 1449 Aa
532 1409 567 1449 ea
588 1387 750 1448 ioculariter
777 1389 957 1458 Cannenses,
988 1387 1044 1448 hae
1064 1396 1124 1460 est,
1153 1389 1207 1468 qui»

157 1497 197 1536 ex
220 1476 301 1536 elude
321 1474 464 1536 Cannensi
486 1473 662 1556 effugerant,
689 1472 862 1535 vetabantur
882 1491 1030 1545 cursores,
1056 1480 1089 1534 ut
1109 1475 1201 1554 auspi·

156 1561 220 1622 cari
240 1561 317 1622 lieet.
359 1561 398 1620 At
419 1565 528 1630 eontra
551 1565 734 1638 praepostere
755 1556 903 1620 Titinnius
924 1576 1068 1618 nursnrem
1088 1559 1202 1621 vaeavit

157 1647 349 1706 Cannensem.
391 1643 456 1704 Non
478 1644 561 1715 euim,
583 1643 608 1702 si
630 1644 795 1704 Cannenses
816 1661 947 1702 cursores
969 1641 1143 1716 dicebantur,
1164 1645 1201 1704 ab

158 1750 197 1792 ee
233 1749 409 1808 consequens
441 1728 497 1790 erit
532 1735 562 1787 et
588 1747 731 1788 cursorem
758 1727 882 1808 quemvis
908 1728 1085 1788 Cannensem
1114 1729 1201 1790 diei.“

156 1814 313 1876 Ducarius:
335 1815 426 1895 „ago
447 1845 489 1860 --
511 1812 641 1874 existima
653 1811 766 1872 Festum
780 1833 837 1872 nan
854 1832 918 1872 esse
933 1820 1102 1885 enecatum,
1123 1835 1200 1876 men·

156 1907 216 1960 tam
238 1898 360 1972 Titinii,
381 1898 430 1978 qui
451 1899 674 1958 Cannensem
695 1912 892 1969 cursorem,
920 1897 1032 1960 vaeavit
1053 1900 1202 1976 qnamdam

157 2004 229 2048 suae
256 1983 358 2046 aetatis
384 1982 522 2044 huminem
550 1989 583 2042 ut
608 2002 671 2042 eum
692 1975 873 2064 φυγόμαχον
893 2013 935 2028 ··-
957 1981 1134 2063 designaret.
1156 2015 1200 2032 -·-
1283 2024 1286 2029 -

158 2069 219 2132 Sed
255 2069 311 2130 alia
343 2068 428 2130 etiam
454 2087 532 2128 mens
558 2066 699 2139 Meursia,
734 2074 816 2146 putat
842 2066 914 2128 enim
945 2067 1079 2147 seriptum
1110 2067 1201 2132 fuisse

158 2173 347 2214 ennensem
367 2151 452 2212 anien
479 2173 506 2211 n.
530 2170 629 2232 nempe
650 2171 668 2210 a
689 2171 774 2223 eane,
806 2151 883 2230 qunti
904 2157 968 2210 erat
987 2153 1091 2212 vinculi
1112 2151 1200 2214 ferrei

157 2259 267 2320 genus,
301 2245 331 2295 et
361 2243 508 2297 catenatos
538 2235 628 2296 fuisse
649 2236 782 2316 ¹pistores
814 2255 896 2294 nemu
931 2236 1056 2316 ignerat.
1099 2240 1200 2318 ltaque

107 2349 127 2374 υ
157 2342 347 2383 cunensem
373 2323 465 2401 lepide
492 2328 591 2394 venat,
624 2327 756 2399 tanquam
782 2340 801 2380 a
829 2321 893 2380 iace
921 2321 1015 2400 atique
1042 2324 1200 2404 regianeve

157 2408 272 2467 nemine
293 2407 424 2467 deducte.
467 2407 505 2464 at
531 2425 714 2465 cursorem
740 2411 857 2485 prepter
878 2424 989 2465 cursum
1011 2425 1092 2488 quern
1114 2427 1199 2468 exer·

158 2493 262 2552 cebant
291 2491 321 2550 in
349 2491 592 2574 circumagitanda
621 2490 730 2550 maia.“
779 2490 898 2549 Bathins
935 2491 1068 2570 denique:
1108 2515 1199 2574 „pra

156 2577 311 2657 pistore.
353 2577 453 2656 inepta
480 2576 633 2656 scriptura,
663 2595 716 2634 nee
750 2575 843 2654 piacet
876 2575 1018 2656 Sealigeri
1050 2598 1198 2658 praepe-

157 2670 267 2721 stere.
310 2660 361 2720 Vel
393 2661 656 2740 praepetinrem
689 2659 864 2720 scribendum
891 2659 992 2732 fuerit,
1024 2663 1085 2736 vei,
1123 2665 1224 2743 qunti¹

157 2746 265 2817 malim,
287 2745 550 2825 pyraperiorenn,
582 2741 768 2824 ἀναλογικῶς
788 2743 883 2804 fletum
904 2751 1052 2826 utrumque
1072 2749 1197 2821 veritum,

157 2831 212 2890 etsi
234 2838 363 2891 neutrum
384 2829 468 2890 hodie
489 2828 639 2910 repereris.
669 2829 769 2888 Possis
787 2829 871 2888 etiam
893 2850 957 2909 pre
978 2840 1198 2911 praestante

157 2913 277 2996 (qistate,
300 2913 457 2996 pistore).“‘
494 2915 603 2981 Quibus
633 2913 803 2974 coniecturis
831 2914 856 2974 si
883 2915 949 2976 mihi
976 2934 1087 2997 qunque
1113 2938 1198 2980 anana

156 3001 224 3060 iicet
254 3000 373 3074 addere,
405 3000 581 3062 scribendum
611 3019 731 3060 eensea:
763 2999 983 3072 „Canentem
1016 3022 1197 3068 cursorem

156 3085 286 3148 Titinius
307 3105 359 3164 pre
380 3083 488 3166 pistore
509 3083 616 3144 dixit.“
659 3085 869 3158 Canentem,
892 3104 1001 3148 eanum.

651 3219 699 3280 tv.
751 3265 757 3278 t

240 3338 357 3398 Paullus
390 3358 428 3398 ex
457 3339 561 3400 Festa:
593 3336 799 3412 „Moraeias
829 3358 940 3399 nunes
961 3338 1089 3400 Titinius
1111 3341 1198 3404 duras

156 3443 220 3484 esse
247 3423 302 3495 ait3
336 3423 411 3482 unde
436 3421 471 3482 fit
496 3423 696 3484 deminutivum
723 3424 977 3484 meraeilium.‘·‘
1020 3425 1082 3486 Jas.
1104 3427 1196 3486 Scali-

155 3529 224 3591 ger:
257 3509 477 3584 „Meraeiaa
520 3509 546 3568 A
574 3528 653 3568 mera
680 3507 789 3568 scilieet
815 3529 885 3593 uoce
914 3507 1055 3570 effictam·
1081 3511 1199 3574 Minime

153 3601 249 3654 tamen
285 3593 358 3653 maia
389 3592 523 3652 Bethius:
559 3592 768 3664 „scribendum
798 3613 901 3654 eensee
929 3595 1152 3668 Maraeuias,
1180 3617 1199 3658 a

154 3677 339 3750 maraculum,
376 3677 396 3737 i.
420 3698 446 3739 e.
482 3698 575 3752 rnnra;
613 3678 688 3738 unde
721 3684 800 3738 tecte
834 3678 978 3739 derivatur
1015 3681 1200 3743 maraeiilnan.

153 3763 286 3822 Licentia
312 3762 430 3822 ridiculi
456 3761 552 3822 flatum
579 3762 747 3823 adieetivum
767 3763 995 3836 Maraeuins,
1026 3772 1059 3823 nt
1078 3766 1199 3826 Bibacu-

154 3847 208 3920 ins,
230 3847 250 3909 i.
271 3867 299 3910 e.
321 3867 444 3920 marsus,
467 3849 533 3926 quin
554 3848 641 3908 durae
662 3868 749 3908 nuees
769 3868 875 3908 meram
893 3847 1018 3910 afferunt
1036 3851 1199 3914 dentibus.“

659 3982 696 4040 V.

238 4101 341 4162 Festum
361 4120 390 4163 v.
407 4099 645 4172 obstineant,
668 4100 772 4161 Sched.
787 4121 815 4180 p.
834 4101 933 4162 stad.
948 4102 1068 4162 lineam:
1091 4105 1207 4179 „ssiam

154 4185 318 4256 tradant,
356 4183 542 4257 ubsamllent,
580 4186 615 4246 ab
643 4185 725 4248 auide
755 4185 895 4248 audenda
931 4186 962 4246 in
988 4187 1099 4270 guam,
1138 4210 1196 4251 nan
