2932 4842
241 307 324 384 ΙΙΙΟ

244 484 363 566 pugnis,
385 484 460 544 iuter
481 484 626 544 ΙΙιιιιιιιιιοι
648 490 679 542 et
698 485 836 562 Pyrrhum
857 485 1028 557 commissis,
1059 486 1217 564 dequibus
1238 505 1288 546 sc-

244 568 369 630 curatius
396 569 543 628 dicendum
571 577 624 630 est.
666 569 762 630 Duces
793 569 874 631 nobis
900 571 946 630 bic
973 571 1125 650 praecipue
1151 571 1291 649 manendi

244 661 311 716 suut
331 654 431 715 lsivius
453 661 482 714 et
502 654 681 725 Plutarchus,
703 661 736 713 ut
757 654 804 733 qui
826 655 991 736 diligentius
1012 677 1070 715 rem
1092 657 1289 717 tractaverint.

244 741 323 800 Tres
353 759 467 820 pugnae
500 740 575 798 inter
602 741 748 800 Romanos
785 746 814 798 et
846 741 984 818 Pyrrhum
1014 741 1180 800 commissae
1205 748 1289 800 sunt:

244 825 333 904 primo
354 825 390 883 ad
413 825 588 895 Heracleam,
610 825 701 890 altera
722 825 757 883 ad
775 825 917 898 Asculum,
937 825 1024 885 tertia
1037 826 1071 884 ad
1085 826 1289 886 Beneventum.

244 912 375 990 Pugnant
398 910 433 968 ud
456 910 621 968 Heracleam
643 909 817 970 commissam
839 918 1056 970 commemorant
1079 911 1162 970 etiam
1185 911 1288 969 Florus

245 1002 275 1054 ct
298 995 407 1067 Victor,
437 995 472 1052 ad
500 995 633 1054 Asculum
659 995 832 1053 commissam
854 996 1015 1054 nominatim
1039 1002 1148 1054 uncum
1170 995 1290 1066 Plorus;

246 1079 297 1138 scd
330 1086 449 1156 uterquc
482 1081 632 1138 secundam
669 1086 698 1138 ct
725 1079 836 1138 tertiam
870 1079 1006 1138 contudit.
1055 1080 1152 1138 Primo
1180 1079 1290 1158 proelio

246 1163 372 1241 Pyrrhus
394 1164 462 1226 uicit
483 1165 639 1226 Laevinum
655 1164 808 1236 consulem,
831 1165 961 1244 cepitque
978 1166 1168 1224 Romanorum
1184 1172 1289 1234 castra.

246 1249 309 1307 vid.
344 1257 457 1328 praeter
493 1249 607 1310 Florum
641 1257 670 1308 ct
707 1249 847 1308 Victorem
875 1251 903 1308 ll.
932 1269 956 1308 c.
986 1250 1154 1308 Plutarchus
1187 1249 1290 1326 Pyrrh.

246 1333 336 1395 xvu.
367 1334 450 1413 Apud
477 1334 589 1395 Livium
626 1335 662 1392 de
689 1353 724 1393 eo
757 1334 864 1414 legitur
896 1335 923 1392 io
956 1334 1085 1412 Epitome
1114 1333 1288 1394 librinll.:

247 1417 398 1492 „Valerius
424 1419 570 1478 Laevinus
598 1419 696 1477 consul
726 1439 820 1496 parum
843 1439 978 1518 prospere
1000 1419 1136 1482 adversus
1152 1419 1290 1497 Pyrrhum

246 1501 400 1584 pugnavit,
436 1503 647 1584 elephantorum
675 1503 796 1562 maxime
824 1503 958 1562 inusitata
986 1501 1060 1562 facie
1090 1503 1198 1562 territis
1219 1503 1290 1562 mili-

248 1587 353 1646 tihus.“
396 1587 439 1646 lle
468 1589 591 1648 secundo
617 1589 742 1668 proelio,
777 1589 811 1646 ad
833 1589 966 1647 Asculum
988 1589 1136 1647 commisso
1158 1587 1290 1646 Fabricio

248 1673 379 1743 consule,
401 1672 571 1732 Plutarchus
593 1674 691 1732 scribit
709 1673 807 1732 XXL:
835 1667 1063 1778 „Atealdtipopv
1085 1669 1162 1732 δ”ι
1121 1695 1152 1749 ap
1141 1667 1290 1776 pupdrappc

250 1754 396 1840 [Pyrrhus
411 1764 440 1820 et
462 1755 610 1832 Romanii·
640 1757 689 1818 aui
694 1755 832 1866 λέγεται
861 1753 914 1818 τὸν
940 1751 1070 1838 Πύῤῥον
1097 1758 1188 1818 cloria
1210 1751 1291 1860 ιπρός

247 1863 316 1902 τινα
343 1845 404 1902 τῶν
431 1838 765 1947 ovvpdopwe'rcovodtcpi·
800 1837 980 1919 Ὰνὲτιμ
972 1835 1194 1960 cluvpcciprpv
1210 1835 1291 1902 ‘Pur-

247 1925 386 2006 μαίους
414 1922 569 2008 aruinam
535 1950 638 2004 ιι,ιεν
668 1866 1171 2004 dnltotpcaanamtogfl
1204 1927 1291 1987 Dein-

250 2031 317 2091 ceps
344 2020 491 2085 narratur,
522 1973 675 2091 Pyrrhuin,
706 2012 827 2072 rchus'
819 2013 872 2093 rpsi
895 2013 994 2072 advers
982 2033 1030 2071 us
1052 2014 1196 2071 Romanos
1217 2012 1291 2071 haud

254 2116 291 2157 ex
314 2106 412 2177 optato
435 2099 661 2177 procedentibus
685 2099 752 2157 data
774 2098 925 2158 occasione
945 2097 973 2156 in
991 2097 1116 2157 Siciliam
1134 2096 1291 2176 profectum

251 2201 324 2242 esse.
367 2183 443 2242 idam
471 2183 539 2242 illud
570 2184 705 2262 proelium
734 2183 796 2242 sine
822 2184 880 2242 ulla
907 2183 1084 2242 dubitatione
1114 2181 1291 2264 significatur

250 2269 323 2346 apud
346 2267 457 2330 Livium
479 2268 498 2328 l.
520 2289 546 2328 c.
568 2269 611 2327 bis
632 2268 742 2330 verbis:
765 2270 887 2340 „lterum
910 2269 1045 2328 adversus
1058 2267 1291 2346 Pyrrhumduhio

250 2359 353 2413 eventu
381 2360 536 2434 pugnatum
574 2359 653 2412 est.“
697 2355 801 2412 Tertio
833 2353 941 2432 proelio
975 2353 1117 2430 Pyrrhus,
1151 2373 1167 2412 e
1194 2352 1292 2411 Sicilia

249 2438 351 2510 redux,
373 2439 464 2498 victus
487 2445 531 2497 est
551 2457 570 2496 a
590 2439 640 2497 Μ’.
663 2438 750 2498 Curio
771 2438 914 2509 Dentato,
936 2438 1073 2515 Italiaque
1095 2438 1238 2516 expulsus,
1259 2445 1293 2496 ut

251 2521 357 2580 diserte
382 2529 516 2582 narratur
543 2524 616 2602 apud
644 2523 755 2583 Livium
783 2523 810 2582 in
839 2523 967 2602 Epitome
988 2523 1052 2581 libri
1068 2523 1145 2581 xlv.
1168 2530 1198 2581 et
1218 2522 1291 2600 apud

250 2605 431 2665 Plutarchum
448 2607 556 2679 XXV.;
586 2608 637 2666 sed
659 2609 753 2681 locus,
787 2607 834 2666 uhi
857 2608 924 2666 iliud
947 2608 1120 2666 commissum
1144 2615 1203 2676 est,
1231 2617 1292 2666 tan·

250 2695 309 2761 tum
341 2692 414 2770 apud
446 2693 626 2752 Plutarchum
660 2693 807 2751 indicatur.
861 2693 952 2757 Quum
985 2692 1076 2773 igitur
1107 2685 1228 2751 Romani
1256 2692 1292 2750 ad

251 2774 383 2836 Asculum
404 2776 528 2837 victores
549 2797 606 2837 non
630 2777 802 2849 evasissent,
833 2777 1010 2856 proverbium
1034 2798 1091 2836 non
1114 2777 1207 2856 potuit
1227 2777 1292 2836 inde

251 2860 334 2932 oriri,
366 2862 456 2939 quod,
484 2863 532 2941 qui
556 2870 626 2922 ante
647 2883 665 2922 a
686 2863 795 2941 Pyrrho
818 2862 885 2923 victi
907 2869 1017 2934 essent,
1046 2869 1145 2941 postea
1172 2863 1293 2922 eumad

250 2945 383 3005 Asculum
411 2947 559 3019 vicissent3
593 2967 665 3026 quae
692 2949 804 3009 videtur
830 2953 860 3006 et
881 2947 1063 3026 interpretum
1086 2947 1165 3006 Pasti
1186 2954 1216 3006 et
1235 2948 1293 3030 Bo-

251 3030 303 3088 thii
322 3032 476 3090 sententia.
519 3033 594 3098 (laio
623 3033 732 3092 etiamsi
758 3053 827 3094 vere
847 3032 983 3093 vicissent
1005 3033 1125 3090 Romani
1146 3033 1182 3090 ad
1203 3033 1292 3091 Ascu-

250 3113 323 3188 lum,
351 3124 443 3176 tamen
465 3117 535 3176 mire
556 3118 631 3177 dicta
652 3124 729 3177 esset
758 3117 901 3176 Asculano
926 3117 1062 3176 eiusmodi
1094 3137 1205 3197 pugna,
1238 3136 1293 3195 qua

217 3223 221 3228 ·
252 3201 320 3262 victi
340 3202 495 3273 vincerent,
517 3203 541 3260 si
563 3203 644 3262 simul
667 3202 869 3282 respiciendum
892 3211 969 3262 essct
990 3203 1025 3261 ad
1047 3203 1152 3260 Valerii
1172 3201 1293 3262 Laevini

251 3285 373 3360 cladem,
402 3287 449 3366 qui
475 3287 589 3347 biennio
617 3296 684 3348 ante
711 3289 801 3348 violas
829 3293 900 3346 erat.
944 3289 982 3345 Et
1009 3307 1059 3366 per
1085 3307 1117 3346 se
1144 3286 1293 3347 verisimile

205 3407 209 3416 ,
253 3377 299 3428 ost
325 3379 356 3430 et
383 3392 421 3430 ex
450 3372 554 3431 Titinii
580 3373 659 3444 loco,
687 3373 812 3451 quamvis
834 3371 952 3443 affecto,
984 3372 1121 3452 colligere
1141 3372 1223 3443 licet,
1245 3371 1294 3431 uni

164 3500 168 3509 .
204 3459 208 3466 '
252 3454 397 3534 eidemque
417 3457 594 3536 proverbium
616 3457 684 3516 illud
705 3457 844 3538 originem
866 3457 970 3516 debere
992 3477 1122 3538 pugnae,
1151 3476 1206 3535 qua
1227 3455 1293 3522 victi

250 3540 315 3619 plus
343 3540 473 3601 utilitatis
493 3542 659 3614 habuerint,
686 3561 767 3620 quarn
794 3542 926 3605 victores.
969 3543 1048 3600 Festi
1069 3543 1133 3600 loco
1155 3541 1222 3600 nihil
1244 3540 1294 3600 tri

253 3623 390 3684 huendum
411 3626 538 3698 videtur,
575 3627 665 3686 minus
687 3634 855 3706 propterea,
892 3627 966 3724 quod
988 3626 1100 3686 mutilus
1122 3633 1182 3698 est,
1211 3645 1293 3704 quan

252 3710 357 3787 quod'
348 3730 409 3790 ipre
430 3712 553 3791 scriptor
573 3731 670 3791 parum
693 3712 831 3773 concinna
852 3711 986 3772 narravit.
1030 3703 1141 3790 Optime
1161 3711 1295 3771 sehabet

252 3795 411 3854 emendatio
432 3796 615 3856 Asculano
635 3816 768 3877 pugna,
799 3815 882 3874 quam
910 3796 1014 3875 primus
1040 3796 1189 3876 proposuit
1215 3796 1294 3854 Tne·

252 3879 342 3940 nehus
362 3881 482 3941 Advers.
499 3880 547 3940 ΙΙΙ.
562 3890 620 3954 1¹3
650 3901 752 3960 resque
773 3882 827 3940 hoc
848 3882 931 3940 modo
948 3889 994 3940 est
1011 3881 1188 3960 explicanda.
1219 3879 1294 3939 Victi

252 3972 319 4026 sunt
345 3966 383 4026 ad
403 3966 536 4026 Asculum
564 3925 699 4040 Rohnni,
733 3967 784 4026 sed
805 3965 862 4038 ita,
889 3973 922 4026 ut
942 3967 1032 4026 hostis
1052 3964 1292 4070 propontiarerit.

250 4042 364 4122 „’*Aa'‘
344 4071 389 4118 eu
408 4049 484 4129 plau
499 4045 602 4130 μάχην
617 4044 789 4131 Ῥωμαίους
803 4044 981 4130 νικήσωμεν,
1002 4043 1207 4129 ἀπολούμεθα
1215 4069 1294 4111 mor-

250 4135 386 4215 τιλῶςςῑί
414 4155 506 4216 neque
525 4135 646 4198 ulterius
666 4136 758 4200 rictus
778 4143 952 4216 persecutum
965 4136 1018 4210 sit,
1045 4137 1096 4197 scd
1116 4135 1293 4209 statimn-
