2938 4848
125 547 326 626 'Gr-auola-
351 549 501 642 proprio
532 547 720 622 oriundus.
771 545 967 622 Paullus
1003 553 1126 620 auteur
1148 547 1205 620 ia·

148 656 243 726 bula
256 653 377 724 Novio
405 653 646 725 abiudioaudo
665 673 748 724 erse
770 651 933 738 videtur,
960 655 1001 721 ut
1021 652 1070 720 ad
1078 648 1207 722 Paulli

149 755 410 841 Pamriauae,
451 777 545 847 quae
577 760 807 846 praetextata
841 761 938 839 erat,
976 753 1108 844 fragm.
1127 749 1205 822 111.

149 860 401 928 mteudeours.
452 855 585 928 Restat
608 852 760 926 Plour.
800 852 877 932 ssui
902 871 967 924 our
992 853 1114 945 potius
1137 875 1205 944 pru

146 981 246 1052 rege
272 957 536 1050 Aboriginum,
573 978 682 1049 quam
705 977 772 1047 pro
799 977 886 1044 ava,
929 955 1120 1028 habendus
1145 954 1204 1044 sit,

148 1083 231 1132 nou
266 1068 428 1152 apparet.
489 1058 535 1130 si
564 1057 731 1130 Naevius
765 1056 938 1149 Lupum
971 1067 1010 1128 et
1040 1055 1204 1128 Pullos

147 1163 314 1257 scripsit,
337 1159 564 1252 Pomponius
580 1159 777 1232 Vaeoam
803 1167 839 1230 et
861 1157 1047 1230 Verrem
1073 1181 1202 1251 aegro·

148 1272 251 1350 lum,
291 1263 472 1334 Laberius
498 1261 746 1353 Soylaebru
769 1269 805 1331 et
831 1260 1051 1332 Taurum:
1093 1263 1203 1332 etiam

42 1403 43 1410 κ
97 1389 101 1400 ·
144 1363 300 1436 'Novius
332 1387 354 1434 a
387 1365 467 1458 pioo
501 1387 572 1435 ave
601 1365 751 1435 fabulae
784 1361 1052 1462 inscriptionem
1076 1371 1202 1454 petere

149 1469 293 1559 paruit,
326 1467 531 1560 etquidem
557 1488 601 1536 eo
627 1466 801 1552 lucilius,
817 1467 916 1560 quod
941 1465 1032 1536 bueo
1058 1463 1138 1536 avia
1162 1463 1202 1534 iu

147 1571 385 1642 fatidicarum
410 1589 600 1640 numerum
623 1565 862 1638 referebatur.
983 1595 988 1608 ·
1025 1571 1028 1578 '

257 1669 422 1742 Remotis
448 1691 555 1756 vero,
581 1689 673 1761 quae
698 1669 855 1740 Botbius
881 1667 986 1739 uobis
1011 1666 1201 1759 proposuit

151 1775 209 1845 arb
216 1774 481 1844 defendendum
496 1769 775 1842 Rhiutbouioarn
792 1777 964 1863 togatam,
992 1769 1200 1840 examinan-

152 1877 224 1946 dus
252 1882 324 1961 est,
357 1874 420 1966 qui
445 1896 592 1944 eausam
619 1874 830 1965 praebuisse
856 1873 1018 1958 videtur,
1051 1893 1117 1942 our
1137 1869 1200 1940 Li·

152 1977 229 2048 lius
264 1971 469 2067 Gregorius
502 1970 760 2071 Gyraldus¹⁹⁵j
797 1973 1060 2045 Rhimhouieas
1094 1974 1203 2042 etiam

151 2077 357 2150 Latinas
383 2084 534 2148 voculas
549 2099 633 2148 esse
647 2077 793 2164 dixerit,
819 2072 1201 2169 Euanthiiloous1⁹⁶J=

154 2179 291 2268 „Illud
316 2201 404 2254 vero
432 2181 624 2250 tenendum
652 2186 724 2266 est,
763 2185 844 2269 post
874 2173 965 2250 νέαν
984 2169 1202 2270 ’κωμῳδίαν

150 2272 321 2352 Latinos
351 2277 468 2351 multa
496 2275 701 2352 fabularum
735 2299 870 2372 genera
908 2273 1122 2371 protulisse,
1162 2286 1202 2348 ut

153 2387 301 2476 togatos
317 2401 388 2472 Δ-ς
421 2390 667 2474 praetextatrs
681 2375 750 2472 '—3
782 2376 1054 2470 Atellanus—3
1086 2373 1200 2450 Rhia-

153 2479 338 2569 llronleas,
366 2486 413 2553 ab
431 2483 590 2556 aurtoris
608 2479 773 2572 nomine3
799 2479 1023 2554 tabernarias
1041 2503 1109 2570 -3
1134 2477 1199 2550 mi-

153 2598 237 2656 mos
252 2585 356 2656 -.“
407 2581 449 2656 si
475 2583 555 2679 quis
582 2603 631 2658 ex
654 2603 728 2654 uuo
754 2583 931 2656 hocloco
958 2587 1005 2656 de
1022 2577 1199 2654 Rhintlro-

152 2683 318 2759 nicarum
350 2695 562 2780 argumento
595 2687 757 2758 iudicare
787 2681 915 2774 vellet,
956 2707 1044 2760 sane
1077 2683 1198 2770 facile,

154 2805 266 2884 quum
297 2787 349 2860 lbi
373 2785 638 2860 Rhinthouioae
671 2807 693 2858 a
719 2785 861 2860 Latinis
887 2792 1050 2880 prolatae
1078 2788 1200 2858 diean-

154 2894 217 2962 tur
238 2897 284 2960 ·et
315 2885 409 2962 iuter
441 2885 599 2962 Romani
630 2887 832 2984 argumenti
862 2889 1007 2962 fabulas
1032 2932 1084 2942 —
1116 2907 1201 2959 uam

154 2987 255 3064 mimi
270 3010 337 3087 pro
359 2989 572 3084 planipediis
589 2989 698 3084 positi
724 2987 841 3063 rideri
860 2999 1012 3084 possunt
1037 3033 1086 3044 —
1113 3007 1199 3060 enu-

155 3104 350 3193 merentur,
378 3089 549 3186 colligere
570 3093 608 3164 in
631 3091 788 3164 aularum
807 3095 1006 3180 induceret,
1034 3115 1096 3162 eas
1112 3107 1199 3184 quo·

157 3213 246 3290 que,
281 3193 326 3266 'de
353 3197 482 3290 quibus
508 3191 566 3266 hle
593 3195 752 3288 agimus,
794 3193 938 3267 omnino
966 3215 1014 3265 ex
1039 3200 1198 3263 caetera·

156 3289 238 3368 rnur'
259 3291 375 3368 fuisse
396 3317 551 3392 genere3
586 3315 658 3390 qua
676 3299 909 3389 ‘opinatione
943 3295 1010 3366 etsi
1036 3313 1109 3364 non
1136 3311 1198 3362 ex·

156 3406 272 3470 eraut
295 3391 420 3472 Plauti
441 3399 677 3491 Amphitruo,
711 3397 800 3469 nihil
826 3417 907 3470 esse
932 3403 1058 3490 posset
1082 3391 1200 3466 minus

156 3495 363 3592 probabile,
408 3499 579 3595 quonlam
612 3521 738 3572 earum
770 3511 898 3571 auctor
923 3499 992 3572 fuit
1019 3491 1199 3582 Graecus,

156 3603 308 3698 verique
334 3601 553 3674 simillimum
579 3610 652 3690 est,
686 3601 872 3673 Romanos
897 3597 1033 3693 prlnras
1058 3596 1201 3693 quidem

157 3700 266 3776 buius
288 3703 432 3798 generis
453 3707 597 3778 fabulas
623 3723 709 3776 suos
736 3701 927 3776 aGraeeis
955 3705 1001 3773 ad
1023 3721 1063 3774 se
1084 3711 1200 3772 trans-

157 3801 294 3878 tulisse.
357 3806 540 3884 Quocirca
565 3807 668 3878 locus
701 3807 751 3880 ita
777 3803 1029 3900 intelligendus
1057 3811 1128 3890 est,
1162 3807 1203 3870 ut

157 3909 311 4002 scriptor
332 3901 425 3978 'nihil
452 3908 550 3980 aliud
572 3907 709 3980 dixisse
732 3915 893 4002 putetur,
921 3926 1026 4002 quam
1049 3901 1202 3978 Latinos

243 4108 320 4192 195)
345 4107 380 4172 tle
397 4109 516 4173 Polites.
537 4110 604 4172 bist.
625 4105 703 4184 Vll,
725 4109 797 4192 opp.
819 4105 860 4172 Τ.
874 4104 910 4170 ΙΙ.
932 4111 1044 4190 pibo.
1065 4135 1107 4153 --
1131 4099 1206 4185 196)
1351 4162 1353 4166 ,

159 4194 197 4255 bo
214 4189 332 4256 Fabillo.
667 4264 670 4269 ,
