2932 4842
247 355 326 436 128

246 566 289 580 -
319 533 418 594 Nuno
444 534 510 596 hoo
536 554 636 610 uror,
667 554 759 596 nuno
788 536 875 598 huno
905 554 971 595 ror.
1011 534 1083 596 Vsu.
1104 535 1128 594 Ι.
1150 535 1186 595 ΙΙ.
1223 536 1290 596 Por.

246 617 347 678 Nouo
368 619 424 679 irio
443 639 544 691 uror,
566 640 657 680 nuno
677 621 741 680 hoc
763 640 810 681 ro.
831 651 873 666 ·-·
894 619 1030 680 Bothiurr
1053 620 1292 692 „Festinom‚“

246 703 351 783 inquit,
382 704 501 784 „accipi
527 712 622 784 potest
648 726 700 784 pro
722 705 899 765 subiunctivo
927 705 1006 766 vorbi
1025 704 1178 780 festiuum,
1209 706 1291 766 intol-

245 788 321 850 lncto
342 794 414 852 ut.“
457 789 496 848 Et
516 796 599 869 puto,
627 790 670 850 sio
690 790 882 870 accipiendum
904 809 978 850 orso.

739 925 789 984 Vi.

329 1041 440 1102 Nonius
460 1062 489 1121 p.
504 1046 566 1104 507
587 1042 632 1102 ed.
655 1043 759 1104 Mero:
793 1043 969 1116 „Focitur
995 1061 1048 1123 pro
1074 1039 1117 1102 fit.
1145 1075 1187 1090 ·-
1215 1043 1291 1103 Titi·

244 1126 309 1187 nius
330 1127 358 1184 in
380 1128 503 1194 Quinto:
806 1125 809 1134 ’

297 1204 446 1288 &oranti
472 1211 625 1282 stultitia
650 1203 817 1303 odpidius
843 1213 968 1302 petunt
994 1211 1196 1300 consilium,

295 1313 403 1385 Bono
429 1304 548 1408 grdtia
572 1321 614 1384 ut
637 1305 939 1404 parvifaoiatur.“
964 1355 1015 1369 μ-

245 1414 279 1474 in
309 1416 455 1482 Quinto.
487 1414 557 1474 Von.
580 1416 602 1474 Ι.
625 1415 660 1473 ΙΙ.
689 1414 723 1473 in
747 1415 792 1473 Vi.
826 1414 894 1474 Por.
922 1416 956 1474 in
984 1422 1100 1475 sexto.
1135 1413 1200 1474 ΑΜ.
1222 1415 1291 1476 Bas.

244 1500 339 1559 libro
361 1501 496 1580 quinto.
528 1499 631 1558 Junins
652 1499 746 1558 omisit
767 1500 802 1558 in
825 1500 976 1571 Quinto,
997 1500 1155 1560 Mercurius
1168 1519 1290 1579 sequens

243 1585 425 1659 vocobulum,
458 1585 610 1651 Quanto.
669 1584 788 1644 Videtur
818 1592 911 1644 nutem
942 1592 1090 1665 utrumque
1122 1587 1290 1646 servandum

245 1689 319 1730 osso.
341 1702 384 1714 --
406 1670 580 1749 cupidius.
624 1670 718 1751 Vulgo
741 1669 941 1748 cupidinis,
971 1671 1046 1748 quod
1067 1677 1157 1730 metro
1180 1670 1292 1749 quidem

243 1773 341 1834 purum
364 1754 504 1815 convenit.
546 1754 614 1814 Jun.
638 1775 727 1836 marg.
749 1754 929 1816 libidinis.
957 1771 998 1800 —·-'
1029 1755 1103 1814 Pars
1124 1755 1206 1813 huius
1234 1755 1292 1815 loci

245 1846 342 1899 exstat
362 1840 446 1899 otiam
467 1839 541 1919 opud
561 1840 739 1900 Priscinoum
760 1839 834 1898 vul.
858 1848 955 1900 3.11.
978 1861 1005 1919 p.
1019 1847 1082 1902 789
1098 1841 1143 1900 od.
1158 1840 1290 1900 Puteum:

243 1925 288 1998 „F
295 1925 414 1985 unitur
435 1944 560 2005 quoquo,
583 1945 600 1984 a
622 1924 734 1996 focio,
757 1944 809 2003 pro
831 1922 879 1982 fit
899 1925 1078 2003 protulerunt
1093 1933 1235 1984 auctores.
1248 1957 1291 1972 -

244 2009 373 2069 Titinius
396 2010 424 2068 in
447 2010 569 2076 Quinto:
603 2009 802 2068 Consilium
831 2008 955 2068 bonum
982 2009 1107 2091 gratio
1134 2008 1290 2088 parvisu-

244 2095 406 2168 oiotur;“
439 2101 469 2156 ot
495 2093 570 2153 Vnt.
599 2102 630 2156 6.
659 2103 709 2154 31.
743 2101 846 2173 p.801
871 2114 915 2173 op.
937 2095 1070 2154 Putsoh.:
1101 2096 1203 2167 „Sunt
1234 2094 1291 2155 ulio

245 2175 378 2260 (verbo),
410 2200 482 2258 quoe
510 2179 539 2237 in
562 2179 765 2260 compositione
786 2185 896 2238 mutant
917 2176 1167 2260 significationem,
1196 2184 1229 2238 ut
1250 2200 1289 2240 oo

243 2272 384 2326 neutrum.
429 2263 564 2323 Similiter
585 2263 697 2336 focio,
720 2264 845 2342 quamvis
866 2264 1049 2324 vetustissimi
1070 2264 1155 2324 etiarn
1176 2265 1290 2345 passive

243 2350 296 2409 hoo
317 2350 470 2430 protulisse
492 2348 680 2410 inveniuntur.
723 2348 852 2408 Titinius
880 2348 908 2406 in
931 2349 1053 2415 Quinto:
1084 2350 1182 2422 Bono
1212 2370 1290 2430 gro·

243 2433 296 2494 tio
325 2434 428 2514 parvi
457 2440 496 2493 ut
516 2432 714 2492 focintur.“
757 2433 891 2492 Krehiius
914 2434 1072 2512 posteriore
1093 2435 1157 2494 ioco
1179 2454 1217 2492 ex
1238 2434 1290 2493 oli-

243 2527 312 2598 quot
333 2519 414 2579 codd.
437 2526 466 2578 et
488 2538 525 2577 ex
544 2519 640 2597 priore
661 2519 725 2578 loco
748 2519 835 2577 edidit
855 2519 990 2578 Bonum
1010 2519 1135 2600 gratia
1157 2539 1207 2597 pro
1229 2519 1290 2579 vul·

242 2611 313 2684 gotn
334 2603 471 2676 lectione,
506 2604 603 2662 Bono
624 2603 763 2684 gratio,
786 2611 904 2682 putoos,
933 2604 1067 2663 Bonum
1088 2603 1231 2684 portinere
1253 2603 1290 2663 od

243 2688 444 2747 consilium.
494 2688 552 2747 Sed
582 2689 681 2767 procui
713 2688 797 2746 dubio
826 2708 923 2748 verum
960 2694 1004 2748 est
1034 2689 1125 2748 bono
1155 2687 1289 2769 gratio.

242 2772 388 2833 Fortitudo
416 2779 454 2830 ut
481 2779 590 2844 nutem,
622 2792 703 2851 quarn
725 2773 890 2832 Priscianus
912 2773 1002 2832 altero
1024 2780 1134 2832 tontum
1155 2774 1218 2832 ioco
1240 2775 1290 2832 hn-

243 2860 305 2930 bot,
337 2858 470 2938 ponendo
490 2877 554 2917 esso
574 2857 700 2930 videtur,
732 2857 961 2936 quemadmodum
982 2859 1055 2937 opud
1077 2858 1197 2917 Nonium
1220 2857 1290 2917 scri·

243 2950 319 3024 ptum
351 2949 410 3015 est,
443 2949 509 3002 ante
540 2943 652 3022 parvi.
707 2942 813 3002 Versus
844 2951 910 3001 sunt
941 2943 1023 3002 iomb.
1058 2943 1132 3003 trim.
1163 2944 1289 3022 hypero,

243 3029 342 3108 quoles
362 3029 457 3107 plures
486 3027 536 3086 tibi
557 3027 667 3109 legonti
694 3028 770 3106 opud
790 3027 930 3086 Titinium
958 3034 1117 3088 occurrent.
1160 3027 1289 3101 Bothios,

243 3120 425 3194 nsyoortetos
446 3111 570 3184 fodiens,
599 3113 691 3172 locum
714 3113 755 3172 ito
776 3111 875 3172 offert:

960 3230 1004 3240 -
1025 3229 1066 3241 —
1089 3197 1204 3256 Stulti

285 3281 460 3362 Cupidiuu
487 3288 614 3361 petunt
641 3280 845 3352 eonsilium,
878 3280 970 3339 bono
996 3281 1123 3364 gratio
1149 3289 1186 3341 ut
1212 3303 1289 3362 por·

776 3363 984 3427 vifooiotur.

243 3452 387 3518 Quanto
408 3449 593 3524 stultitia,
621 3469 703 3532 quam
725 3450 821 3510 rtrdto.

327 3719 436 3778 Nonius
462 3742 490 3801 p.
510 3723 571 3782 536
602 3721 647 3779 od.
677 3720 786 3780 Mero:
820 3720 990 3793 „Tuuioo
1020 3727 1065 3781 est
1094 3721 1290 3782 vestimentum

243 3805 517 3865 doemonicis-
545 3805 674 3865 Titinius
697 3805 725 3864 in
748 3804 872 3872 Quinto:
1116 3877 1117 3880 Ἴ

781 3933 832 3942 -
858 3889 976 3982 Togis
1003 3914 1085 3962 oum
1111 3881 1289 3979 odndidis,

294 3981 447 4062 Timidis
474 3982 652 4078 sordidis,
687 3993 938 4082 synthetiois“
963 4035 1015 4044 -

243 4093 410 4154 Titinius
439 4092 474 4153 iu
505 4094 656 4160 Quinto:
689 4094 816 4176 Togis.
867 4093 961 4175 Vulgo
984 4094 1163 4154 Titinius:
1197 4093 1289 4160 (inin

243 4179 351 4262 togis.
395 4178 511 4257 Syllubu
540 4186 591 4254 to,
622 4179 856 4257 quoe'biu-orot
885 4179 1047 4253 scribendo,
1079 4179 1290 4262 onegligunti
