2932 4842
1116 391 1193 471 181

204 652 454 753 Postedquam
485 661 638 757 arripuit
660 655 783 736 rdbiec
815 663 911 735 hunc
943 561 1123 737 unstruot:1
1124 568 1195 739 (iiio

813 785 901 855 rem,

205 857 352 952 Mure,
389 863 582 952 eoelum,
624 783 862 938 torrungou
823 891 929 940 ruere
965 891 1009 940 oo
1041 875 1195 940 tremere

760 951 912 1042 diceres.
917 975 942 1013 “

154 1066 315 1146 arripuit
335 1066 467 1127 rabies.
509 1066 611 1126 Editur
636 1069 777 1150 arripui
799 1072 937 1143 trebes,
959 1071 1034 1151 quud
1054 1089 1108 1130 nee
1128 1089 1194 1132 ten·

153 1151 262 1213 tentiam
284 1171 336 1211 uec
357 1159 446 1211 metro
467 1159 561 1232 aptum
583 1159 635 1212 eet.

181 1436 184 1441 ·
238 1422 340 1502 Augur
359 1422 430 1481 hoec
450 1418 545 1481 fabula
566 1441 655 1501 paene
676 1422 779 1502 ubique
799 1423 915 1495 dicitur,
936 1424 1023 1484 semel
1042 1424 1189 1506 Augureer

153 1514 183 1566 et
203 1526 297 1567 veram
322 1526 385 1566 esse
405 1507 480 1566 idom
501 1507 719 1584 inscriptionem,
741 1515 858 1588 apparet
879 1528 916 1567 ex
931 1506 1033 1591 fragm.
1046 1509 1080 1567 V.
1102 1507 1190 1587 Sequi

154 1597 248 1652 autern
270 1591 362 1670 potuit
388 1591 416 1650 in
440 1610 475 1650 eo
502 1591 650 1650 scribenda
671 1591 805 1651 Afranius
824 1594 973 1652 Menandri
995 1590 1191 1654 Δεισιδαί-

152 1689 264 1754 prora,
296 1695 367 1753 quae
399 1674 495 1735 fabula
521 1682 582 1734 teto
608 1687 745 1754 expresso
765 1684 828 1736 erut
846 1697 886 1736 ex
907 1678 1073 1766 Antiphontis
1099 1676 1191 1738 Oiar-

153 1761 272 1840 uturp.
314 1759 425 1822 Afranii
448 1780 524 1820 vero
551 1761 694 1840 Augurem
722 1767 821 1820 contra
855 1748 1044 1839 respexerunt
1067 1759 1191 1822 fortasse

153 1845 328 1924 Pomponius
349 1855 380 1903 et
398 1843 554 1915 Laberids,
582 1864 665 1923 quum
692 1846 876 1925 cognomines
898 1845 1008 1905 fabulas
1028 1866 1096 1904 suos
1118 1866 1192 1905 com·

154 1937 303 2010 ponerent.
347 1929 501 2006 Quaeritur
521 1936 622 2000 auteur,
644 1931 783 2008 quomodo
805 1950 918 2011 augur,
925 1931 975 2017 qui
996 1929 1091 2029 potius
1110 1949 1192 2009 proe-

155 2022 283 2074 textatue
302 2033 424 2094 persona
439 2013 582 2072 habendus
601 2019 654 2085 est,
676 2015 883 2093 repraesentari
904 1997 1027 2094 potuerit
1043 2013 1070 2072 in
1090 2021 1192 2096 togate

153 2098 326 2159 tabernaria.
369 2098 575 2158 Tuberneriom
608 2099 680 2157 euim
713 2098 823 2159 Afranii
852 2099 996 2181 Augurem
1024 2097 1146 2170 fuisse,
1161 2104 1193 2157 ut

154 2191 284 2244 coeteros
306 2183 367 2242 eius
387 2181 497 2268 subuleo
519 2203 629 2257 ornnes,
664 2203 700 2243 ex
723 2181 890 2264 fragmentis
911 2185 1008 2263 liquet.
1049 2183 1144 2242 Non
1135 2182 1192 2264 rgi-

154 2275 202 2327 tur
223 2267 336 2348 proprio
357 2261 417 2339 hir,
443 2267 517 2326 siout
543 2269 626 2326 etiam
655 2266 682 2327 in
710 2267 858 2348 Pomponii
886 2274 916 2327 et
940 2267 1056 2327 Laberii
1077 2266 1189 2338 subulis,

154 2352 229 2413 istud
256 2371 357 2411 nomen
383 2359 545 2432 usurpatum
577 2371 641 2412 csse
663 2352 799 2424 arbitror,
822 2371 904 2432 quum
926 2351 974 2412 aiii
996 2371 1121 2432 quoque,
1142 2350 1190 2430 qui

155 2439 191 2498 ud
213 2457 350 2518 augurum
373 2437 521 2519 collegium
544 2457 600 2495 non
622 2438 810 2516 pertinerent,
844 2437 940 2497 futuro
965 2445 1057 2497 tamen
1079 2435 1190 2516 proedi-

154 2529 270 2594 ccrent,
293 2531 417 2602 uupurce
439 2521 571 2601 appellati
591 2523 663 2580 rint:
701 2522 783 2582 Vidd.
805 2523 906 2584 Cicero
930 2522 966 2582 de
986 2522 1190 2604 Divinare,

153 2608 246 2689 Epist.
268 2607 304 2668 ud
324 2605 392 2667 fam.
409 2607 457 2666 Vi.
474 2616 509 2680 63
531 2607 647 2668 ovidius
667 2607 802 2672 Nuc.79.

567 2757 780 2773 ——n—

453 2875 898 2938 BRUNDUSINA.

662 2994 686 3054 1.

238 3110 348 3172 Nouius
369 3133 397 3191 p.
411 3117 453 3173 97
474 3111 636 3174 edMerur
656 3111 892 3194 „Degulnese
913 3117 958 3170 ent
971 3111 1056 3192 gulae
1068 3107 1189 3169 dedisse.

153 3196 288 3258 Afranius
309 3197 338 3256 in
361 3197 552 3258 andisinis:

184 3278 314 3354 'Immo
329 3285 536 3354 iamdudum
551 3274 776 3366 decubuisse,
792 3281 983 3374 degulasse
998 3277 1193 3368 opdrtuitJ‘

154 3383 401 3443 Brundisinis.
430 3385 500 3445 ven.
520 3385 596 3444 Ι.1Ι.
623 3384 691 3442 Par.
718 3385 841 3442 Bruto.
874 3382 937 3441 Aid.
970 3376 1190 3440 Brundisini.

154 3469 222 3529 Bos.
243 3469 493 3529 Brundusinis.
515 3501 557 3514 -
578 3467 788 3529 Afranius'
780 3487 815 3526 ιιι
837 3464 1096 3527 Brundusinie:
1128 3462 1192 3521 De-

154 3553 305 3635 guidnre
331 3554 499 3632 oportuit
533 3553 639 3634 iegitur
670 3553 755 3612 etiarn
782 3553 856 3632 opud
886 3550 1081 3610 Charisiuml.
1108 3569 1135 3626 p.
1152 3553 1194 3608 80

156 3639 200 3698 ed.
232 3640 412 3699 Pouet.-
441 3639 575 3697 Botiriut:
607 3638 881 3712 „Occubuisse
893 3636 968 3696 volet
999 3632 1193 3694 connaisscr‘

154 3723 275 3782 Videtur
296 3725 340 3783 tric
361 3724 507 3785 uerborum
529 3724 606 3782 tusus
629 3733 708 3792 csse,
738 3741 820 3800 quum
848 3720 961 3799 scripsit
988 3725 1074 3798 poeto
1095 3735 1194 3777 oceo·

156 3809 282 3869 baisse
309 3828 360 3888 pro
392 3809 606 3868 occubuisse
631 3815 663 3868 et
684 3807 897 3888 degulasue,
930 3805 1004 3883 quod
1030 3803 1120 3862 simile
1151 3806 1195 3860 cut

156 3894 244 3954 verbo
266 3894 495 3966 decollasse,
516 3914 568 3974 pro
585 3894 794 3974 devorasse.

671 4010 707 4070 ΙΙ.

242 4113 351 4171 Nonius
382 4135 410 4192 p.
433 4120 492 4174 123
526 4113 570 4172 ed.
600 4113 705 4172 Mero:
740 4108 954 4189 „implicare
989 4106 1110 4187 positum
1146 4121 1196 4181 pro

158 4217 270 4258 ornare.
304 4196 440 4258 Afranius
461 4198 490 4257 in
511 4197 687 4256 Brundusio:
