2940 4838
261 378 345 457 252

263 553 418 626 simulans,
451 560 484 612 ut
504 555 621 634 opinor,
643 562 759 618 cotem
781 561 843 615 tota
863 553 1018 616 clarissim
1039 554 1240 627 concentione,
1272 555 1301 613 in

263 659 312 697 ore
333 639 434 726 impuri
455 640 574 700 hominis
595 641 751 731 imminens,
773 633 942 702 concionata
964 649 1023 702 est:

312 741 409 814 Huic
433 742 532 812 uitae
557 754 661 833 tuae3

262 849 305 900 et:

741 928 815 989 Vlll.

428 1120 434 1148 ¹
678 1087 730 1098 ——-
755 1045 1022 1140 Pdstprincipia
1047 1052 1153 1138 atque
1180 1034 1302 1113 exitus

313 1144 477 1216 vitiosae
502 1146 639 1218 vitae.“
663 1189 713 1201 ·—-

262 1263 355 1323 Huic
375 1265 473 1324 vitae
495 1272 592 1338 tuae;
615 1271 660 1324 at.
694 1264 743 1325 Sic
765 1266 808 1324 ed.
831 1267 956 1347 Nauger.
979 1262 1217 1341 recentioresque.
1248 1262 1301 1320 Ed.

262 1348 389 1430 llervog.
416 1349 498 1408 lruic
527 1351 639 1410 vice*
668 1356 747 1423 tua,
780 1350 883 1409 omisso
907 1359 955 1423 ct;
983 1348 1164 1427 similiterque
1187 1347 1302 1407 Gruteri

263 1435 345 1492 codd.
369 1434 484 1492 turbore
506 1435 627 1493 Orellius
649 1435 805 1495 annotavit.
832 1469 874 1481 -
900 1433 1184 1516 Postprincipia.
1216 1432 1302 1490 Lom-

263 1517 345 1577 linus
372 1525 468 1598 post:
502 1518 701 1599 Principia.
743 1519 827 1580 llaud
853 1519 937 1579 facilc
965 1519 1177 1592 diiudicaveris,
1209 1522 1301 1576 utrum

264 1603 476 1681 praeferendum
497 1603 544 1663 sit.

755 1739 807 1799 tx,

347 1857 450 1916 Festus
471 1877 499 1918 v.
521 1858 687 1930 Numero,
710 1858 825 1940 Fragm.
847 1879 875 1936 p.
893 1864 933 1917 10
946 1857 990 1916 ed.
1005 1858 1125 1916 Ducem:
1148 1853 1301 1928 „Afranius

263 1943 292 2001 in
314 1943 483 2001 Simulante:

313 2043 360 2113 Ei
386 2045 518 2114 misera
544 2067 694 2114 numero
719 2067 762 2114 ae
785 2045 1024 2137 nequidquam
1047 2044 1105 2134 egi
1127 2033 1301 2134 greitias“

263 2162 304 2221 Ei
325 2161 454 2222 misera
474 2163 554 2224 Fulv.
571 2163 674 2222 Ursino
697 2163 823 2222 delrctur.
847 2163 917 2221 Cod.
941 2182 957 2220 e
978 2161 1119 2220 misera.
1148 2160 1219 2218 otim
1236 2159 1300 2217 ede-

262 2248 333 2308 bant
353 2247 451 2304 Enim
474 2267 567 2319 sera,
600 2268 681 2326 quam
716 2247 1041 2327 scripturam‘llacerius
1063 2244 1196 2326 praefert.
1219 2244 1300 2303 Both.

263 2331 344 2403 flet,
367 2332 507 2391 misera.
530 2367 570 2384 μ-
593 2334 758 2404 Numcro,
782 2333 863 2390 nimis
879 2332 1018 2402 celeriter,
1040 2340 1072 2389 ut
1087 2331 1114 2388 iu
1128 2330 1191 2388 aliis
1208 2349 1301 2388 exem-

262 2417 317 2497 plis
345 2417 548 2495 interpretatur
579 2419 699 2490 Festus,
731 2420 777 2496 qui
804 2419 858 2476 lroc
884 2419 948 2476 loco
971 2417 1090 2474 maxime
1112 2417 1251 2474 laceratus
1273 2419 1302 2471 et

195 2529 196 2533 ¹
263 2501 384 2580 turpiter
398 2503 585 2643 l,qcprauatus
616 2508 668 2562 est.
713 2501 758 2562 Ct.
793 2503 925 2584 Privigni
954 2500 1058 2582 fragm.
1079 2500 1156 2559 XlV.
1189 2505 1218 2559 et
1248 2501 1301 2557 Su-

264 2595 378 2667 spectac
441 2629 449 2645 .

769 2723 806 2782 X.

349 2839 479 2898 Donatus
500 2840 535 2898 ad
557 2841 678 2900 Terent.
693 2841 811 2919 Adelph.
824 2842 873 2900 lll.
891 2847 920 2901 4.
934 2847 989 2901 34:
1012 2841 1084 2911 „ut
1104 2847 1232 2919 captus
1250 2845 1304 2898 est

266 2945 467 2995 seruorum,
495 2925 604 2998 idest,
627 2934 659 2985 ut
680 2923 714 2985 re
733 2927 817 2986 habet
838 2925 963 2986 conditio
985 2945 1140 2986 servorum.
1170 2924 1303 2984 Afranius

265 3012 294 3071 iu
308 3011 489 3073 ¹Simulante:

316 3113 367 3200 Ie,
394 3115 435 3181 ut
460 3133 650 3182 servorum
677 3104 805 3203 cuiptus
831 3119 897 3200 est,
923 3103 1111 3182 facillume

317 3213 437 3284 llomo
466 3218 571 3307 totque
597 3223 722 3284 nostro
747 3205 887 3284 feimilia
912 3236 976 3304 pro
1003 3205 1183 3283 venditur.

30 3313 346 3451 stffiffispfflplltgo
374 3340 498 3411 captus
529 3340 633 3392 sortem
661 3332 825 3412 intelligo.“
861 3331 995 3390 Botlrius:
1028 3330 1206 3404 „Familia
1227 3351 1304 3410 pro,

73 3493 75 3498 Ι
266 3426 299 3478 ut
329 3417 530 3496 sponsione
558 3436 619 3496 pro
647 3418 721 3496 apud
751 3418 881 3476 Plautum
909 3417 994 3474 Trio.
1021 3425 1083 3478 397
1115 3415 1212 3486 (11.4.
1241 3414 1305 3490 26).
1355 3473 1358 3487 ,

267 3505 420 3581 Perperum
442 3502 505 3561 libri
526 3501 776 3580 protenditur.
784 3506 803 3536 “
846 3501 908 3559 Etsi
919 3501 1014 3559 Plauti
1034 3502 1114 3560 locus
1126 3499 1205 3560 vurio
1223 3500 1306 3558 modo

268 3595 394 3647 tentatus
428 3594 486 3659 cst,
521 3594 553 3645 ut
582 3594 660 3647 certo
695 3587 805 3664 quidem
832 3599 999 3666 argumento
1027 3587 1075 3647 uix
1109 3604 1172 3644 csse
1205 3585 1305 3664 possit,

268 3681 363 3732 tamen
390 3670 502 3730 Afranii
529 3691 580 3750 pcr
610 3692 642 3730 se
663 3671 704 3730 itu
725 3679 902 3750 comparatus
924 3679 983 3742 cst,
1019 3678 1051 3730 ut
1071 3670 1190 3729 Bothius
1212 3690 1307 3732 veram

269 3757 434 3836 scripturam
461 3757 620 3817 restituisse
640 3757 778 3818 videatur.

686 3905 889 3916 —n—-—-——

354 4027 448 4097 Rixae
469 4027 498 4085 in
520 4029 572 4086 luae
593 4032 696 4109 togota
717 4026 923 4086 exercebantur
943 4025 1019 4084 inter
1038 4044 1156 4084 uxorem
1179 4031 1208 4084 et
1224 4026 1306 4084 mari-

271 4121 327 4172 tum
358 4108 501 4193 (fragmm.
522 4113 557 4170 ll.
578 4112 627 4170 lll.
649 4112 697 4171 lV.
720 4112 753 4170 V.
775 4109 849 4192 Vl),
878 4111 950 4170 male
971 4107 1107 4170 moratum
1130 4107 1265 4190 (frogmm
1283 4109 1306 4166 l.

269 4199 331 4259 Vll.
353 4197 454 4279 vlle),
476 4216 547 4276 quos
567 4196 643 4257 iuter
663 4197 740 4276 ipsos
757 4195 915 4276 ‘conciliare
934 4195 1042 4254 studuit
1062 4197 1215 4254 communis
1233 4193 1307 4254 lilius
