2938 4848
250 361 279 438 8

252 533 340 608 din?
358 531 652 626 histrionem
690 541 742 608 ut·
761 533 973 630 planipes
997 533 1051 612 de
1082 533 1213 614 mimo
1244 531 1302 606 sit

252 637 579 732 miniue'·'planipets
599 644 650 708 'et
679 635 849 710 histrio
882 639 936 710 de
961 637 1201 710 oomoedia
1230 659 1300 710 eo·
1448 629 1449 690 l

251 741 444 832 moedus-³²
467 739 612 818 Quodsi
627 761 772 812 sumere
787 742 921 829 velles,
946 741 1094 812 mimum
1106 743 1302 831 praestan·

251 841 385 932 'imm'
399 840 547 930 'fliium
586 861 694 935 quam
717 843 963 934 planipedem,
1003 841 1113 913 sinui
1135 839 1202 911 tibi
1231 855 1318 910 su·.⁴
1448 839 1449 848 ’

249 944 421 1034 mendum
446 949 564 1030 esset,
599 941 811 1016 histrionem
833 944 1136 1037 praestantiorem·
1164 939 1311 1026 fonsa,

250 1051 376 1137 quanin
389 1045 624 1135 ehmoednm3
663 1053 717 1133 et,
750 1048 783 1117 si
815 1069 897 1119 eum
928 1044 1101 1138 Zieglero
1134 1051 1170 1114 et
1195 1038 1300 1112 lieu·

249 1146 393 1218 vensis*
411 1152 610 1236 statueres,
650 1148 879 1242 planipedem
907 1149 1024 1221 inisse
1054 1142 1299 1238 praestantio-

249 1256 360 1336 rem','{
373 1266 481 1341 quam
505 1249 672 1336 mimum,
697 1251 834 1341 pariter
853 1258 1015 1323 statuere
1036 1249 1207 1332 deheres,
1233 1266 1300 1316 eo·

252 1352 421 1421 moeddm
446 1351 562 1423 fuisse
586 1353 904 1443 praestantiorem,
937 1372 1044 1444 quam
1069 1347 1298 1420 histrionem.

251 1451 452 1546 Utrumque
486 1452 680 1524 manifesto
723 1456 911 1526 absonum.
979 1450 1136 1524 Videtur
1173 1455 1300 1519 autem

251 1555 421 1648 scriptor
431 1554 469 1628 id
487 1553 698 1647 significare
723 1556 904 1642 voluisse,
943 1553 1013 1625 sihi
1037 1551 1189 1623 die-teria
1221 1569 1300 1619 non
1449 1587 1450 1592 =

251 1673 340 1724 esse
368 1655 406 1725 in
427 1658 625 1748 promptu,
656 1657 959 1751 quemadmodum
992 1654 1110 1726 mimis
1133 1650 1312 1744 planipe-¹

251 1741 422 1827 dibuslet
445 1758 641 1828 comoedis.
693 1757 848 1831 Etiamsi
872 1758 982 1850 igitur
1004 1755 1193 1828 Ausonius
1217 1753 1298 1843 pla·

252 1845 465 1949 opedani*
485 1860 620 1960 aliquid
652 1861 799 1949 tribuit,
847 1859 944 1954 quod
982 1858 1137 1930 caeteris
1176 1852 1299 1925 mimis

252 1959 496 2031 adiudicare·
492 1947 690 2050 uidetur,
710 1959 833 2033 tamen·
872 1962 910 2032 id
951 1961 999 2031 ad
1036 1956 1314 2051 praestantiam·

253 2083 379 2134 earum
397 2061 531 2134 referri
551 2083 624 2133 non
642 2071 780 2157 potest,
806 2085 925 2157 neque
951 2068 1007 2134 est
1028 2061 1180 2132 omnino
1200 2059 1298 2129 eius·

251 2164 387 2252 modi,
394 2166 493 2259 qun'd
516 2168 638 2237 solum
662 2165 809 2262 eifieere
828 2166 1004 2258 potuerit,
1030 2169 1081 2234 ut
1095 2168 1171 2233 tam
1195 2166 1299 2231 certa

251 2266 393 2337 ratione
425 2267 525 2337 mimi
550 2275 587 2339 et
610 2268 821 2360 planipedes
847 2267 1007 2338 interae
1033 2264 1298 2356 distingueren-

252 2372 323 2442 tor.
367 2362 493 2440 Porro
510 2367 788 2468 cathenarum)
806 2376 926 2462 putat,
952 2366 1144 2438 mimorum
1162 2383 1298 2434 nomeu

251 2467 439 2542 honestius
453 2471 597 2558 inisse,
638 2485 744 2564 quam
770 2470 1021 2565 planipedum‚
1060 2488 1171 2562 quum
1183 2466 1299 2536 inter

252 2570 383 2643 mimos
409 2562 518 2654 etiam
544 2581 683 2660 essent,
710 2573 773 2666 qui
798 2570 959 2664 ethologi
985 2568 1171 2656 audirent,
1198 2567 1299 2660 quod

254 2689 375 2744 mores
387 2672 594 2746 hominnm
617 2675 710 2746 iouis
733 2675 895 2747 honestis
921 2671 1166 2764 exprimerent
1189 2677 1298 2762 atque
1450 2719 1451 2726 ι

253 2773 440 2846 sententiis
462 2775 576 2847 etiam
597 2777 827 2870 gravioribus
853 2773 1059 2863 condirent,
1082 2770 1298 2863 planipedes

254 2883 376 2948 autem
410 2888 622 2972 argumenta
647 2879 824 2951 vilissimo
857 2884 893 2948 et
917 2875 1147 2947 tenuissimas
1171 2893 1298 2964 perso·
1361 2925 1364 2932 .

253 2996 322 3049 nas
346 2979 764 3076 referrent31audatque
790 2981 838 3052 ad
858 2979 1073 3050 sententiam
1093 2985 1197 3048 suam
1215 2995 1298 3067 pro·

254 3080 410 3152 hundam
442 3079 579 3154 Donati
611 3085 725 3154 verba
733 3082 801 3180 ²⁶)
836 3122 867 3171 „
875 3078 1092 3171 Plampedra
1117 3077 1214 3148 dieta
1248 3076 1296 3146 oh

252 3173 498 3256 humilitatem
516 3185 719 3278 argumenti
744 3184 824 3256 eius
854 3205 898 3255 ae
922 3182 1097 3254 vilitatem
1123 3185 1298 3265 aetorum,

253 3285 316 3377 qui
346 3307 420 3356 non
453 3286 630 3359 esthamo
663 3286 726 3358 aut
758 3307 868 3357 socan
900 3291 1049 3356 utuntur
1081 3283 1118 3351 in
1151 3299 1298 3366 scaena,
1375 3365 1377 3370 ι

252 3387 320 3458 sed
345 3389 618 3481 planozpede.“
667 3387 721 3460 At
746 3386 908 3480 ethologi
932 3385 1013 3471 isti,
1046 3403 1137 3477 quos
1163 3378 1299 3451 Gallia·

251 3485 356 3560 ahias
374 3497 649 3579 commemorat,
674 3496 929 3583 praeterquam
946 3485 1043 3581 quad
1059 3485 1206 3555 dubium
1230 3487 1298 3569 est,

252 3610 374 3661 nonne
396 3591 607 3684 planipedes
631 3611 775 3685 quoque
800 3591 853 3662 ita
878 3588 1049 3681 appellati
1068 3587 1163 3686 sint,
1191 3583 1300 3654 etiam

252 3690 401 3764 minime
421 3701 494 3764 tam
514 3693 670 3765 honesto
695 3696 805 3765 modo
826 3691 1012 3762 hominum
1036 3706 1158 3760 mores
1183 3685 1301 3755 imita·

253 3794 403 3884 bantur,
430 3813 539 3888 quam
563 3802 667 3886 putat
690 3795 749 3866 vir
771 3797 919 3883 doetus,
951 3800 993 3864 ut
1017 3789 1210 3861 manifesto
1237 3788 1300 3857 do·

254 3902 313 3967 eet
345 3895 495 3985 Cicero,
529 3891 715 3994 qui2⁷):',
717 3895 934 3985 ,llimorum
960 3900 1034 3980 est,
1044 3890 1225 3984 “inquit,
1250 3923 1303 3942 -·

253 3997 563 4093 ,,ιὶ1ιιιΙοςοιιιιιι,
599 3999 634 4070 si
657 4000 769 4071 nimia
795 4006 869 4087 est,
904 3995 1077 4083 imitatio,
1113 3993 1208 4064 sieut
1238 3990 1302 4060 oh·

340 4182 549 4271 ιι)ι..-ι
570 4181 626 4270 ιι)
648 4186 685 4247 ιι
704 4182 934 4246 unome-
889 4179 1012 4264 -ιιι
1034 4177 1115 4241 oo
1089 4173 1229 4238 ιι.ηιιι
1251 4167 1303 4240 aa
