2940 4838
531 605 537 652 j
582 577 762 640 (llllllll.

235 809 344 869 Nonius
370 832 398 889 p.
416 819 456 872 64
479 813 522 871 ed.
543 813 648 874 Marc:
679 813 969 888 „Praeclavium,
998 835 1066 895 pars
1094 818 1191 890 restis,

147 914 223 975 quae
241 902 311 954 ¹orme
333 894 440 957 davum
462 897 578 958 texitur.
622 897 756 964 Afranius
778 899 806 958 in
828 899 962 958 llomine:

203 995 369 1067 Tertidm
394 999 488 1069 diem
513 1001 759 1092 praeclivium
786 1022 894 1071 unum
921 1002 1090 1074 tdxerc.“

656 1152 692 1212 ll.

234 1267 344 1328 Nonius
370 1275 458 1348 ΜΒ
485 1268 530 1330 ed.
552 1269 657 1330 llere:
688 1261 898 1344 „Bacillunn
923 1301 967 1316 -
996 1269 1131 1332 Afranius
1161 1272 1190 1332 in
1301 1345 1309 1358 ἢ

200 1437 379 1508 Racilium
404 1438 598 1509 delicatum
624 1439 831 1509 corneolum
857 1439 1019 1530 poscit.“
1088 1429 1090 1434 ’

151 1537 186 1597 ἰιι
208 1538 361 1598 Homine.
393 1540 463 1598 Cod.
486 1539 605 1619 Guelplr.
633 1539 704 1600 Ven.
727 1540 749 1599 Ι.
771 1539 806 1598 ll.
834 1541 903 1600 Par.
925 1541 987 1600 Ald.
1009 1539 1187 1600 hominem.

149 1623 218 1681 Bas.
239 1622 413 1682 Homines.
435 1656 478 1667 —
504 1623 704 1683 delicatum.
737 1625 805 1684 Par.
837 1625 1050 1706 delegatum.
1093 1623 1188 1707 Vulgo

150 1707 365 1788 deligatum,
398 1708 471 1786 quod
502 1709 650 1790 corrigens
679 1709 813 1768 Bathinus
852 1710 1057 1785 „l3acnlum,“
1089 1710 1188 1788 inquit,

149 1791 372 1873 „deligatum
395 1803 527 1852 corneum
548 1794 613 1870 quid
631 1793 684 1852 sibi
706 1793 778 1852 velle
799 1793 903 1866 dicam,
925 1794 1036 1868 nesci03
1064 1795 1129 1873 quid
1150 1795 1189 1853 sit

149 1876 344 1948 delicatus,
364 1875 451 1936 facile
473 1877 611 1959 intelligo.
654 1878 763 1936 Plinius
779 1877 852 1937 llist.
870 1886 927 1938 nat.
947 1888 995 1950 11,
1010 1884 1065 1939 45:
1088 1879 1187 1958 Apud

148 1981 214 2020 nos
244 1961 279 2019 in
306 1961 462 2022 laminas
490 1970 595 2022 racto
632 1957 766 2042 (cornua)
798 1963 1044 2034 translucent,
1076 1970 1188 2042 atque

149 2045 256 2106 etiam
289 2045 402 2104 lumen
435 2047 610 2106 inclusum
640 2047 752 2106 latius
783 2045 955 2121 fundunt3
988 2046 1196 2126 multasque

148 2130 243 2202 alias
272 2130 314 2189 ad
343 2130 496 2190 delicias
523 2130 765 2191 conferuntur
793 2137 874 2192 etc.“
896 2165 937 2177 -
958 2132 1087 2211 poscit.
1129 2132 1186 2191 Bo·

147 2216 242 2293 thius:
266 2214 412 2287 ,roscit
432 2215 527 2277 versui
548 2236 603 2274 non
626 2216 772 2296 congruit3
794 2215 926 2297 congruit
946 2217 1089 2295 antiquum
1111 2237 1187 2294 pro·
1219 2266 1222 2274 .

148 2307 223 2370 cat,
256 2299 331 2378 quod
363 2299 411 2358 illo
438 2300 511 2358 haud
544 2299 627 2360 dubie
660 2307 727 2358 sunt
757 2299 969 2380 interpretati.“
1019 2300 1187 2359 Paucissimi

147 2385 223 2464 apud
237 2383 359 2464 Nonium
379 2383 557 2463 reperiuntur
578 2383 646 2455 loci,
669 2384 716 2462 qui
736 2402 787 2463 per
807 2383 1066 2464 interpretationem
1085 2384 1186 2464 depra-

147 2469 207 2531 vati
234 2489 297 2529 esse
318 2469 461 2542 videntum
497 2474 527 2527 et
553 2468 673 2548 poscit
699 2468 832 2548 congruit
857 2469 939 2528 iamir.
965 2469 1041 2540 trim.
1069 2468 1185 2542 claudo,

148 2553 303 2632 cuiusmodi
328 2573 427 2614 versus
454 2551 600 2612 Afranium
626 2573 684 2612 non
712 2551 829 2625 secisse,
863 2553 985 2612 nondum
1008 2560 1052 2613 est
1073 2554 1187 2612 demon·

147 2646 266 2699 stratum
295 2657 386 2716 neque
414 2645 508 2717 potest
534 2638 728 2696 demonstrari.
776 2638 851 2724 Nllll
878 2637 988 2696 facilius
1015 2645 1074 2710 est,
1104 2657 1186 2716 quam

148 2722 365 2802 transponendis
402 2731 431 2782 et
461 2723 651 2801 permutandis
687 2721 830 2783 vocabulis
861 2743 976 2802 prorsus
1009 2723 1065 2782 alia
1096 2730 1186 2782 metra

120 2809 241 2887 ’potitis
263 2808 400 2878 tribuere,
431 2826 512 2885 quarn
534 2809 633 2886 quibus
655 2806 707 2885 ipsi
729 2807 772 2864 usi
794 2806 859 2864 sint.
903 2808 999 2873 Quare
1020 2807 1109 2865 satius
1131 2813 1184 2878 est,

147 2892 231 2950 moda
260 2891 288 2949 ia
317 2891 429 2969 aliquod
456 2900 572 2951 metrum
601 2891 739 2972 quadrent
765 2910 835 2952 neve
857 2891 1016 2970 corruptela
1037 2889 1185 2950 manifesta

146 2977 200 3048 sit,
228 2977 269 3036 ite
290 2977 525 3048 verborumne,
556 2983 589 3035 ut
609 2977 751 3057 legantur.
795 2977 929 3035 Fortasse
951 2976 1035 3034 etiarn
1056 2976 1126 3034 haec
1147 2995 1185 3034 ex

148 3061 257 3120 danius
278 3059 405 3121 versibus
425 3067 519 3120 tracta
539 3068 614 3120 sunt.
657 3053 702 3120 cf.
724 3060 870 3121 diductae
889 3059 993 3142 fragm.
1014 3060 1064 3120 lll.
1091 3059 1185 3138 ibique

102 3175 108 3184 ·
147 3151 294 3207 annotata.

643 3261 694 3323 lll.

232 3382 341 3442 Nonius
362 3402 389 3460 p.
409 3388 450 3444 96
477 3381 522 3442 od.
548 3347 654 3441 llere:
685 3364 947 3455 ‚‚Detatim,'id
972 3383 1034 3454 est,
1065 3376 1183 3439 invicem

146 3467 249 3526 dando.
271 3500 312 3512 --
333 3465 467 3525 Ali-anius
487 3466 517 3525 in
539 3465 673 3525 Homine:
1021 3489 1023 3494 ·

197 3567 359 3639 Datatim
385 3589 535 3637 uxorem
560 3575 601 3637 ut
625 3567 741 3636 ludas.

146 3685 319 3764 Pomponius
341 3685 370 3743 in
391 3684 539 3763 Adelphis:
571 3685 671 3750 ouon
692 3683 757 3743 illc
778 3681 889 3755 dixit,
911 3702 1013 3762 quum
1036 3680 1185 3740 datatim

148 3770 183 3830 in
212 3771 451 3852 lectatorum
477 3770 582 3829 lusi.“
624 3770 758 3829 Perottus
780 3767 939 3848 Cornucop.
961 3788 987 3828 v.
1009 3765 1182 3826 Datatim:

147 3854 297 3927 „llatatim
318 3854 414 3914 ludere
436 3862 481 3914 est
501 3862 595 3914 mutuo
618 3854 693 3914 coitu
715 3853 771 3924 uti,
799 3854 880 3932 quasi
901 3855 969 3912 darc
989 3851 1087 3934 alteri,
1108 3849 1184 3928 quod

147 3939 220 3998 alter
241 3940 297 4010 det¹
311 3939 399 3998 sinist<
441 3939 579 3998 Usitotius
600 3959 668 3998 vero
690 3951 719 3997 et
741 3938 852 4017 proprie
874 3937 1003 3998 dicebant
1031 3935 1103 4014 pila
1129 3935 1183 3993 da·

149 4024 250 4084 latim
277 4025 411 4084 ludere.
454 4024 536 4084 Unde
561 4025 765 4083 Taubmanaus
794 4023 830 4081 ad
851 4024 944 4083 Plaut.
972 4022 1062 4080 Trnc.
1083 4018 1130 4078 lV.
1155 4025 1183 4078 1.

148 4116 168 4170 8
190 4129 252 4168 cum
272 4109 412 4169 Palmerio
434 4109 462 4167 in
477 4100 628 4190 Spicilcg„
651 4111 732 4168 Grut,
748 4109 838 4168 'Pinea
860 4109 922 4168 crit.
945 4107 984 4165 T.
996 4105 1042 4164 lV.
1065 4126 1092 4183 p.
1110 4111 1183 4173 707,

146 4190 257 4254 Afranii
277 4195 368 4254 locum
389 4194 591 4274 interpretatum
610 4212 756 4256 uxorem
777 4200 872 4255 tuam
892 4194 1037 4273 vulgos,
1057 4194 1091 4248 ut
1110 4187 1183 4249 alter
