<?xml version="1.0" encoding="UTF-8"?>
<!DOCTYPE html PUBLIC "-//W3C//DTD XHTML 1.0 Transitional//EN"
    "http://www.w3.org/TR/xhtml1/DTD/xhtml1-transitional.dtd">
<html xmlns="http://www.w3.org/1999/xhtml" xml:lang="en" lang="en">
 <head>
  <title>
</title>
<meta http-equiv="Content-Type" content="text/html;charset=utf-8" />
  <meta name='ocr-system' content='tesseract 3.04.00' />
  <meta name='ocr-capabilities' content='ocr_page ocr_carea ocr_par ocr_line ocrx_word'/>
</head>
<body>
  <div class='ocr_page' id='page_1' title='image "./defabulatogatar01neukgoog_0256.png"; bbox 0 0 2940 4838; ppageno 0'>
   <div class='ocr_carea' id='block_1_1' title="bbox 632 365 1194 600">
    <p class='ocr_par' dir='ltr' id='par_1_1' title="bbox 632 365 1194 600">
     <span class='ocr_line' id='line_1_1' title="bbox 1110 365 1194 445; baseline 0.036 -3"><span class='ocrx_word' id='word_1_1' title='bbox 1110 365 1194 445; x_wconf 65' lang='lat' dir='ltr'><strong>⁴ull</strong></span> 
     </span>
     <span class='ocr_line' id='line_1_2' title="bbox 632 537 713 600; baseline 0 0"><span class='ocrx_word' id='word_1_2' title='bbox 632 537 713 600; x_wconf 65' lang='lat' dir='ltr'><strong>xrs</strong></span> 
     </span>
    </p>
   </div>
   <div class='ocr_carea' id='block_1_2' title="bbox 236 654 1292 738">
    <p class='ocr_par' dir='ltr' id='par_1_2' title="bbox 236 654 1292 738">
     <span class='ocr_line' id='line_1_3' title="bbox 236 654 1292 738; baseline 0 -18"><span class='ocrx_word' id='word_1_3' title='bbox 236 658 348 722; x_wconf 85' lang='lat' dir='ltr'><strong>Nonius</strong></span> <span class='ocrx_word' id='word_1_4' title='bbox 380 678 406 738; x_wconf 86' lang='lat' dir='ltr'><strong>p.</strong></span> <span class='ocrx_word' id='word_1_5' title='bbox 427 662 488 720; x_wconf 74' lang='lat' dir='ltr'><strong>toa</strong></span> <span class='ocrx_word' id='word_1_6' title='bbox 512 658 556 717; x_wconf 84' lang='lat' dir='ltr'><strong>ed.</strong></span> <span class='ocrx_word' id='word_1_7' title='bbox 577 657 684 717; x_wconf 79' lang='lat' dir='ltr'><strong>blera:</strong></span> <span class='ocrx_word' id='word_1_8' title='bbox 714 654 988 731; x_wconf 71' lang='lat' dir='ltr'><strong>„Potniatorurn</strong></span> <span class='ocrx_word' id='word_1_9' title='bbox 1008 677 1061 738; x_wconf 83' lang='lat' dir='ltr'><strong>pro</strong></span> <span class='ocrx_word' id='word_1_10' title='bbox 1082 663 1195 738; x_wconf 68' lang='lat' dir='ltr'><strong>poema·</strong></span> <span class='ocrx_word' id='word_1_11' title='bbox 1290 666 1292 672; x_wconf 84' lang='lat'>&#39;</span> 
     </span>
    </p>
   </div>
   <div class='ocr_carea' id='block_1_3' title="bbox 146 742 810 920">
    <p class='ocr_par' dir='ltr' id='par_1_3' title="bbox 146 742 810 920">
     <span class='ocr_line' id='line_1_4' title="bbox 146 742 616 824; baseline -0.017 -16"><span class='ocrx_word' id='word_1_12' title='bbox 146 753 224 808; x_wconf 84' lang='lat' dir='ltr'><strong>tum.</strong></span> <span class='ocrx_word' id='word_1_13' title='bbox 256 743 392 805; x_wconf 84' lang='lat' dir='ltr'><strong>Afranius</strong></span> <span class='ocrx_word' id='word_1_14' title='bbox 413 742 441 802; x_wconf 90' lang='lat' dir='ltr'><strong>in</strong></span> <span class='ocrx_word' id='word_1_15' title='bbox 463 742 616 824; x_wconf 83' lang='lat' dir='ltr'><strong>Priuigno:</strong></span> 
     </span>
     <span class='ocr_line' id='line_1_5' title="bbox 201 830 810 920; baseline -0.013 -17"><span class='ocrx_word' id='word_1_16' title='bbox 201 830 464 920; x_wconf 64' lang='lat' dir='ltr'><strong>Poimatornm</strong></span> <span class='ocrx_word' id='word_1_17' title='bbox 488 851 562 899; x_wconf 90' lang='lat' dir='ltr'><strong>uon</strong></span> <span class='ocrx_word' id='word_1_18' title='bbox 588 830 810 908; x_wconf 86' lang='lat' dir='ltr'><strong>bonorum.“</strong></span> 
     </span>
    </p>
   </div>
   <div class='ocr_carea' id='block_1_4' title="bbox 640 993 708 1054">
    <p class='ocr_par' dir='ltr' id='par_1_4' title="bbox 640 993 708 1054">
     <span class='ocr_line' id='line_1_6' title="bbox 640 993 708 1054; baseline 0 0"><span class='ocrx_word' id='word_1_19' title='bbox 640 993 708 1054; x_wconf 87' lang='lat' dir='ltr'><strong>XX.</strong></span> 
     </span>
    </p>
   </div>
   <div class='ocr_carea' id='block_1_5' title="bbox 149 1111 1194 1282">
    <p class='ocr_par' dir='ltr' id='par_1_5' title="bbox 149 1111 1194 1282">
     <span class='ocr_line' id='line_1_7' title="bbox 239 1111 1194 1195; baseline 0.002 -19"><span class='ocrx_word' id='word_1_20' title='bbox 239 1115 348 1176; x_wconf 88' lang='lat' dir='ltr'><strong>Nonius</strong></span> <span class='ocrx_word' id='word_1_21' title='bbox 366 1137 394 1195; x_wconf 83' lang='lat' dir='ltr'><strong>p.</strong></span> <span class='ocrx_word' id='word_1_22' title='bbox 411 1120 471 1176; x_wconf 77' lang='lat'><strong>50³</strong></span> <span class='ocrx_word' id='word_1_23' title='bbox 485 1113 528 1174; x_wconf 88' lang='lat' dir='ltr'><strong>ed.</strong></span> <span class='ocrx_word' id='word_1_24' title='bbox 545 1114 648 1174; x_wconf 78' lang='lat' dir='ltr'><strong>blera:</strong></span> <span class='ocrx_word' id='word_1_25' title='bbox 670 1111 825 1187; x_wconf 83' lang='lat' dir='ltr'><strong>„Fervit</strong></span> <span class='ocrx_word' id='word_1_26' title='bbox 845 1131 898 1192; x_wconf 83' lang='lat' dir='ltr'><strong>pra</strong></span> <span class='ocrx_word' id='word_1_27' title='bbox 920 1111 1019 1174; x_wconf 83' lang='lat' dir='ltr'><strong>fervet.</strong></span> <span class='ocrx_word' id='word_1_28' title='bbox 1041 1147 1084 1162; x_wconf 91' lang='lat'>-</span> <span class='ocrx_word' id='word_1_29' title='bbox 1111 1115 1194 1178; x_wconf 79' lang='lat' dir='ltr'><strong>Afro-</strong></span> 
     </span>
     <span class='ocr_line' id='line_1_8' title="bbox 149 1201 452 1282; baseline -0.013 -20"><span class='ocrx_word' id='word_1_30' title='bbox 149 1201 219 1262; x_wconf 81' lang='lat' dir='ltr'><strong>nius</strong></span> <span class='ocrx_word' id='word_1_31' title='bbox 241 1201 270 1261; x_wconf 90' lang='lat' dir='ltr'><strong>in</strong></span> <span class='ocrx_word' id='word_1_32' title='bbox 295 1201 452 1282; x_wconf 75' lang='lat' dir='ltr'><strong>Priuigno:</strong></span> 
     </span>
    </p>
   </div>
   <div class='ocr_carea' id='block_1_6' title="bbox 206 1297 1195 1394">
    <p class='ocr_par' dir='ltr' id='par_1_6' title="bbox 206 1297 1195 1394">
     <span class='ocr_line' id='line_1_9' title="bbox 206 1297 1195 1394; baseline -0.006 -19"><span class='ocrx_word' id='word_1_33' title='bbox 206 1301 289 1374; x_wconf 88' lang='lat' dir='ltr'><strong>Hoc</strong></span> <span class='ocrx_word' id='word_1_34' title='bbox 303 1301 440 1394; x_wconf 78' lang='lat' dir='ltr'><strong>potins:</strong></span> <span class='ocrx_word' id='word_1_35' title='bbox 467 1299 538 1370; x_wconf 89' lang='lat' dir='ltr'><strong>hoc</strong></span> <span class='ocrx_word' id='word_1_36' title='bbox 558 1321 653 1370; x_wconf 89' lang='lat' dir='ltr'><strong>nunc</strong></span> <span class='ocrx_word' id='word_1_37' title='bbox 670 1298 779 1370; x_wconf 68' lang='lat' dir='ltr'><strong>fervit</strong></span> <span class='ocrx_word' id='word_1_38' title='bbox 800 1298 959 1389; x_wconf 85' lang='lat' dir='ltr'><strong>animns3</strong></span> <span class='ocrx_word' id='word_1_39' title='bbox 979 1297 1049 1371; x_wconf 78' lang='lat' dir='ltr'><strong>hoc</strong></span> <span class='ocrx_word' id='word_1_40' title='bbox 1069 1299 1195 1374; x_wconf 86' lang='lat' dir='ltr'><strong>volo.“</strong></span> 
     </span>
    </p>
   </div>
   <div class='ocr_carea' id='block_1_7' title="bbox 150 1415 1197 1586">
    <p class='ocr_par' dir='ltr' id='par_1_7' title="bbox 150 1415 1197 1586">
     <span class='ocr_line' id='line_1_10' title="bbox 150 1415 1197 1500; baseline -0.002 -19"><span class='ocrx_word' id='word_1_41' title='bbox 150 1418 329 1481; x_wconf 81' lang='lat' dir='ltr'><strong>Afranius</strong></span> <span class='ocrx_word' id='word_1_42' title='bbox 351 1419 385 1479; x_wconf 93' lang='lat' dir='ltr'><strong>in</strong></span> <span class='ocrx_word' id='word_1_43' title='bbox 406 1417 592 1500; x_wconf 77' lang='lat' dir='ltr'><strong>Priuigno.</strong></span> <span class='ocrx_word' id='word_1_44' title='bbox 624 1416 694 1476; x_wconf 88' lang='lat' dir='ltr'><strong>Ven.</strong></span> <span class='ocrx_word' id='word_1_45' title='bbox 712 1418 734 1476; x_wconf 93' lang='lat' dir='ltr'><strong>l.</strong></span> <span class='ocrx_word' id='word_1_46' title='bbox 753 1416 789 1478; x_wconf 93' lang='lat' dir='ltr'><strong>ll.</strong></span> <span class='ocrx_word' id='word_1_47' title='bbox 811 1417 878 1477; x_wconf 90' lang='lat' dir='ltr'><strong>Par.</strong></span> <span class='ocrx_word' id='word_1_48' title='bbox 906 1415 1047 1497; x_wconf 85' lang='lat' dir='ltr'><strong>Pompo.</strong></span> <span class='ocrx_word' id='word_1_49' title='bbox 1069 1417 1103 1477; x_wconf 94' lang='lat' dir='ltr'><strong>in</strong></span> <span class='ocrx_word' id='word_1_50' title='bbox 1125 1419 1197 1499; x_wconf 49' lang='lat' dir='ltr'><strong>pri·¹</strong></span> 
     </span>
     <span class='ocr_line' id='line_1_11' title="bbox 150 1501 1193 1586; baseline -0.001 -19"><span class='ocrx_word' id='word_1_51' title='bbox 150 1505 272 1586; x_wconf 80' lang='lat' dir='ltr'><strong>vigno.</strong></span> <span class='ocrx_word' id='word_1_52' title='bbox 316 1503 375 1564; x_wconf 86' lang='lat' dir='ltr'><strong>Sed</strong></span> <span class='ocrx_word' id='word_1_53' title='bbox 402 1504 440 1564; x_wconf 89' lang='lat' dir='ltr'><strong>ibi</strong></span> <span class='ocrx_word' id='word_1_54' title='bbox 467 1503 542 1563; x_wconf 91' lang='lat' dir='ltr'><strong>linea</strong></span> <span class='ocrx_word' id='word_1_55' title='bbox 568 1501 684 1561; x_wconf 75' lang='lat' dir='ltr'>excidit.</span> <span class='ocrx_word' id='word_1_56' title='bbox 710 1533 753 1548; x_wconf 89' lang='lat'>-</span> <span class='ocrx_word' id='word_1_57' title='bbox 778 1521 879 1563; x_wconf 86' lang='lat' dir='ltr'><strong>nuuc.</strong></span> <span class='ocrx_word' id='word_1_58' title='bbox 913 1501 985 1563; x_wconf 86' lang='lat' dir='ltr'><strong>Veu.</strong></span> <span class='ocrx_word' id='word_1_59' title='bbox 1008 1503 1030 1560; x_wconf 93' lang='lat' dir='ltr'><strong>l.</strong></span> <span class='ocrx_word' id='word_1_60' title='bbox 1053 1503 1089 1563; x_wconf 93' lang='lat' dir='ltr'><strong>ll.</strong></span> <span class='ocrx_word' id='word_1_61' title='bbox 1124 1505 1193 1566; x_wconf 88' lang='lat' dir='ltr'><strong>Par.</strong></span> 
     </span>
    </p>
   </div>
   <div class='ocr_carea' id='block_1_8' title="bbox 122 1585 1192 1838">
    <p class='ocr_par' dir='ltr' id='par_1_8' title="bbox 122 1585 1192 1838">
     <span class='ocr_line' id='line_1_12' title="bbox 122 1585 1192 1668; baseline 0.001 -19"><span class='ocrx_word' id='word_1_62' title='bbox 122 1655 125 1660; x_wconf 62' lang='grc'><strong>,</strong></span> <span class='ocrx_word' id='word_1_63' title='bbox 152 1597 317 1650; x_wconf 83' lang='lat' dir='ltr'><strong>naturae.</strong></span> <span class='ocrx_word' id='word_1_64' title='bbox 337 1621 390 1634; x_wconf 89' lang='lat'><strong>--</strong></span> <span class='ocrx_word' id='word_1_65' title='bbox 417 1587 567 1660; x_wconf 81' lang='lat' dir='ltr'><strong>animus3</strong></span> <span class='ocrx_word' id='word_1_66' title='bbox 594 1587 667 1646; x_wconf 83' lang='lat' dir='ltr'><strong>boc.</strong></span> <span class='ocrx_word' id='word_1_67' title='bbox 711 1585 761 1646; x_wconf 85' lang='lat' dir='ltr'><strong>Sic</strong></span> <span class='ocrx_word' id='word_1_68' title='bbox 788 1587 854 1646; x_wconf 83' lang='lat' dir='ltr'><strong>lun.</strong></span> <span class='ocrx_word' id='word_1_69' title='bbox 880 1605 971 1668; x_wconf 77' lang='lat' dir='ltr'><strong>marg.</strong></span> <span class='ocrx_word' id='word_1_70' title='bbox 997 1587 1086 1648; x_wconf 86' lang='lat' dir='ltr'><strong>lllerc.</strong></span> <span class='ocrx_word' id='word_1_71' title='bbox 1108 1589 1192 1651; x_wconf 81' lang='lat' dir='ltr'><strong>llotb.</strong></span> 
     </span>
     <span class='ocr_line' id='line_1_13' title="bbox 152 1670 1191 1744; baseline 0.004 -12"><span class='ocrx_word' id='word_1_72' title='bbox 152 1675 229 1732; x_wconf 81' lang='lat' dir='ltr'><strong>Edd.</strong></span> <span class='ocrx_word' id='word_1_73' title='bbox 247 1674 321 1733; x_wconf 81' lang='lat' dir='ltr'><strong>¹Veo.</strong></span> <span class='ocrx_word' id='word_1_74' title='bbox 339 1675 362 1733; x_wconf 91' lang='lat' dir='ltr'><strong>l.</strong></span> <span class='ocrx_word' id='word_1_75' title='bbox 379 1674 416 1733; x_wconf 91' lang='lat' dir='ltr'><strong>ll.</strong></span> <span class='ocrx_word' id='word_1_76' title='bbox 443 1674 512 1731; x_wconf 87' lang='lat' dir='ltr'><strong>Par.</strong></span> <span class='ocrx_word' id='word_1_77' title='bbox 543 1671 643 1731; x_wconf 86' lang='lat' dir='ltr'><strong>auris</strong></span> <span class='ocrx_word' id='word_1_78' title='bbox 669 1672 741 1732; x_wconf 88' lang='lat' dir='ltr'><strong>boe.</strong></span> <span class='ocrx_word' id='word_1_79' title='bbox 768 1670 833 1732; x_wconf 80' lang='lat' dir='ltr'><strong>Ali.</strong></span> <span class='ocrx_word' id='word_1_80' title='bbox 860 1670 989 1744; x_wconf 87' lang='lat' dir='ltr'><strong>minos,</strong></span> <span class='ocrx_word' id='word_1_81' title='bbox 1022 1673 1096 1734; x_wconf 91' lang='lat' dir='ltr'><strong>boc.</strong></span> <span class='ocrx_word' id='word_1_82' title='bbox 1123 1675 1191 1735; x_wconf 82' lang='lat' dir='ltr'><strong>Bas.</strong></span> 
     </span>
     <span class='ocr_line' id='line_1_14' title="bbox 153 1757 716 1838; baseline -0.009 -20"><span class='ocrx_word' id='word_1_83' title='bbox 153 1759 256 1838; x_wconf 81' lang='lat' dir='ltr'><strong>Stepb.</strong></span> <span class='ocrx_word' id='word_1_84' title='bbox 278 1759 346 1818; x_wconf 81' lang='lat' dir='ltr'><strong>lun.</strong></span> <span class='ocrx_word' id='word_1_85' title='bbox 367 1758 497 1828; x_wconf 79' lang='lat' dir='ltr'><strong>minua,</strong></span> <span class='ocrx_word' id='word_1_86' title='bbox 519 1757 615 1815; x_wconf 89' lang='lat' dir='ltr'><strong>baoc.</strong></span> <span class='ocrx_word' id='word_1_87' title='bbox 714 1801 716 1806; x_wconf 90' lang='lat'><strong>.</strong></span> 
     </span>
    </p>
   </div>
   <div class='ocr_carea' id='block_1_9' title="bbox 629 1907 710 1966">
    <p class='ocr_par' dir='ltr' id='par_1_9' title="bbox 629 1907 710 1966">
     <span class='ocr_line' id='line_1_15' title="bbox 629 1907 710 1966; baseline -0.012 0"><span class='ocrx_word' id='word_1_88' title='bbox 629 1907 710 1966; x_wconf 91' lang='lat' dir='ltr'><strong>XXl.</strong></span> 
     </span>
    </p>
   </div>
   <div class='ocr_carea' id='block_1_10' title="bbox 154 2023 1192 2406">
    <p class='ocr_par' dir='ltr' id='par_1_10' title="bbox 154 2023 1192 2194">
     <span class='ocr_line' id='line_1_16' title="bbox 188 2023 1192 2107; baseline -0.002 -14"><span class='ocrx_word' id='word_1_89' title='bbox 188 2027 349 2098; x_wconf 42' lang='lat' dir='ltr'><strong>.-.Murus</strong></span> <span class='ocrx_word' id='word_1_90' title='bbox 371 2048 399 2106; x_wconf 88' lang='lat' dir='ltr'><strong>p.</strong></span> <span class='ocrx_word' id='word_1_91' title='bbox 416 2029 476 2088; x_wconf 78' lang='lat'><strong>512</strong></span> <span class='ocrx_word' id='word_1_92' title='bbox 492 2026 536 2084; x_wconf 86' lang='lat' dir='ltr'><strong>ed.</strong></span> <span class='ocrx_word' id='word_1_93' title='bbox 551 2025 654 2086; x_wconf 78' lang='lat' dir='ltr'><strong>blera:</strong></span> <span class='ocrx_word' id='word_1_94' title='bbox 677 2023 854 2098; x_wconf 76' lang='lat' dir='ltr'><strong>„liariter</strong></span> <span class='ocrx_word' id='word_1_95' title='bbox 874 2045 926 2107; x_wconf 86' lang='lat' dir='ltr'><strong>pro</strong></span> <span class='ocrx_word' id='word_1_96' title='bbox 942 2027 1019 2088; x_wconf 86' lang='lat' dir='ltr'><strong>dure.</strong></span> <span class='ocrx_word' id='word_1_97' title='bbox 1040 2061 1082 2074; x_wconf 82' lang='lat'><em>-</em></span> <span class='ocrx_word' id='word_1_98' title='bbox 1109 2026 1192 2092; x_wconf 84' lang='lat' dir='ltr'><strong>Aira-</strong></span> 
     </span>
     <span class='ocr_line' id='line_1_17' title="bbox 154 2112 445 2194; baseline -0.014 -20"><span class='ocrx_word' id='word_1_99' title='bbox 154 2113 221 2174; x_wconf 87' lang='lat' dir='ltr'><strong>nius</strong></span> <span class='ocrx_word' id='word_1_100' title='bbox 241 2112 269 2171; x_wconf 89' lang='lat' dir='ltr'><strong>iu</strong></span> <span class='ocrx_word' id='word_1_101' title='bbox 291 2112 445 2194; x_wconf 77' lang='lat' dir='ltr'><strong>Priuigno:</strong></span> 
     </span>
    </p>

    <p class='ocr_par' dir='ltr' id='par_1_11' title="bbox 207 2206 1191 2305">
     <span class='ocr_line' id='line_1_18' title="bbox 207 2206 1191 2305; baseline 0.005 -20"><span class='ocrx_word' id='word_1_102' title='bbox 207 2206 333 2285; x_wconf 74' lang='lat' dir='ltr'><strong>Viva</strong></span> <span class='ocrx_word' id='word_1_103' title='bbox 371 2223 476 2284; x_wconf 86' lang='lat' dir='ltr'><strong>vetus</strong></span> <span class='ocrx_word' id='word_1_104' title='bbox 515 2233 622 2305; x_wconf 87' lang='lat' dir='ltr'><strong>quam</strong></span> <span class='ocrx_word' id='word_1_105' title='bbox 662 2212 798 2282; x_wconf 80' lang='lat' dir='ltr'><strong>duriter</strong></span> <span class='ocrx_word' id='word_1_106' title='bbox 836 2234 933 2282; x_wconf 89' lang='lat' dir='ltr'><strong>nunc</strong></span> <span class='ocrx_word' id='word_1_107' title='bbox 972 2206 1127 2287; x_wconf 72' lang='lat' dir='ltr'><strong>consulit</strong></span> <span class='ocrx_word' id='word_1_108' title='bbox 1169 2243 1191 2290; x_wconf 94' lang='lat' dir='ltr'><strong>o</strong></span> 
     </span>
    </p>

    <p class='ocr_par' dir='ltr' id='par_1_12' title="bbox 212 2314 1025 2406">
     <span class='ocr_line' id='line_1_19' title="bbox 212 2314 1025 2406; baseline -0.006 -18"><span class='ocrx_word' id='word_1_109' title='bbox 212 2339 215 2356; x_wconf 86' lang='lat'><em>·</em></span> <span class='ocrx_word' id='word_1_110' title='bbox 763 2314 864 2406; x_wconf 78' lang='lat' dir='ltr'><strong>tergo</strong></span> <span class='ocrx_word' id='word_1_111' title='bbox 891 2314 1025 2384; x_wconf 87' lang='lat' dir='ltr'><strong>mcol“</strong></span> 
     </span>
    </p>
   </div>
   <div class='ocr_carea' id='block_1_11' title="bbox 154 2429 1191 2681">
    <p class='ocr_par' dir='ltr' id='par_1_13' title="bbox 154 2429 1191 2681">
     <span class='ocr_line' id='line_1_20' title="bbox 154 2429 1189 2513; baseline 0.008 -23"><span class='ocrx_word' id='word_1_112' title='bbox 154 2431 277 2493; x_wconf 80' lang='lat' dir='ltr'><strong>vivax.</strong></span> <span class='ocrx_word' id='word_1_113' title='bbox 305 2431 407 2492; x_wconf 80' lang='lat' dir='ltr'><strong>lunius</strong></span> <span class='ocrx_word' id='word_1_114' title='bbox 433 2432 583 2513; x_wconf 83' lang='lat' dir='ltr'><strong>legendum</strong></span> <span class='ocrx_word' id='word_1_115' title='bbox 613 2437 694 2510; x_wconf 85' lang='lat' dir='ltr'><strong>putat</strong></span> <span class='ocrx_word' id='word_1_116' title='bbox 720 2429 838 2490; x_wconf 85' lang='lat' dir='ltr'><strong>bibax.</strong></span> <span class='ocrx_word' id='word_1_117' title='bbox 864 2464 907 2475; x_wconf 95' lang='lat'>-</span> <span class='ocrx_word' id='word_1_118' title='bbox 940 2452 1045 2509; x_wconf 87' lang='lat' dir='ltr'><strong>quarn.</strong></span> <span class='ocrx_word' id='word_1_119' title='bbox 1079 2434 1149 2495; x_wconf 84' lang='lat' dir='ltr'><strong>Ven.</strong></span> <span class='ocrx_word' id='word_1_120' title='bbox 1166 2437 1189 2498; x_wconf 92' lang='lat'><strong>1.</strong></span> 
     </span>
     <span class='ocr_line' id='line_1_21' title="bbox 155 2515 1190 2596; baseline 0.005 -20"><span class='ocrx_word' id='word_1_121' title='bbox 155 2537 232 2596; x_wconf 78' lang='lat' dir='ltr'><strong>qua.</strong></span> <span class='ocrx_word' id='word_1_122' title='bbox 254 2550 296 2562; x_wconf 89' lang='lat'><strong>··-</strong></span> <span class='ocrx_word' id='word_1_123' title='bbox 317 2517 479 2576; x_wconf 89' lang='lat' dir='ltr'><strong>consulit</strong></span> <span class='ocrx_word' id='word_1_124' title='bbox 499 2537 526 2576; x_wconf 89' lang='lat' dir='ltr'><strong>o.</strong></span> <span class='ocrx_word' id='word_1_125' title='bbox 557 2516 627 2574; x_wconf 89' lang='lat' dir='ltr'><strong>Veu.</strong></span> <span class='ocrx_word' id='word_1_126' title='bbox 643 2517 664 2574; x_wconf 92' lang='lat' dir='ltr'><strong>l.</strong></span> <span class='ocrx_word' id='word_1_127' title='bbox 681 2515 716 2574; x_wconf 94' lang='lat' dir='ltr'><strong>ll.</strong></span> <span class='ocrx_word' id='word_1_128' title='bbox 744 2515 812 2574; x_wconf 89' lang='lat' dir='ltr'><strong>Par.</strong></span> <span class='ocrx_word' id='word_1_129' title='bbox 834 2517 1015 2577; x_wconf 88' lang='lat' dir='ltr'><strong>consulto.</strong></span> <span class='ocrx_word' id='word_1_130' title='bbox 1036 2519 1099 2578; x_wconf 77' lang='grc' dir='ltr'><strong>ΑΜ.</strong></span> <span class='ocrx_word' id='word_1_131' title='bbox 1121 2521 1190 2582; x_wconf 88' lang='lat' dir='ltr'><strong>Bas.</strong></span> 
     </span>
     <span class='ocr_line' id='line_1_22' title="bbox 156 2600 1191 2681; baseline 0.006 -20"><span class='ocrx_word' id='word_1_132' title='bbox 156 2602 255 2681; x_wconf 86' lang='lat' dir='ltr'><strong>Stepb.</strong></span> <span class='ocrx_word' id='word_1_133' title='bbox 277 2602 343 2660; x_wconf 88' lang='lat' dir='ltr'><strong>Jun.</strong></span> <span class='ocrx_word' id='word_1_134' title='bbox 366 2602 559 2661; x_wconf 82' lang='lat' dir='ltr'><strong>consulito.</strong></span> <span class='ocrx_word' id='word_1_135' title='bbox 588 2601 676 2660; x_wconf 82' lang='lat' dir='ltr'><strong>llere.</strong></span> <span class='ocrx_word' id='word_1_136' title='bbox 703 2600 787 2661; x_wconf 87' lang='lat' dir='ltr'><strong>Botb.</strong></span> <span class='ocrx_word' id='word_1_137' title='bbox 809 2602 968 2664; x_wconf 87' lang='lat' dir='ltr'><strong>consulo.</strong></span> <span class='ocrx_word' id='word_1_138' title='bbox 998 2602 1100 2664; x_wconf 83' lang='lat' dir='ltr'><strong>Junius</strong></span> <span class='ocrx_word' id='word_1_139' title='bbox 1122 2626 1191 2667; x_wconf 91' lang='lat' dir='ltr'><strong>con-</strong></span> 
     </span>
    </p>
   </div>
   <div class='ocr_carea' id='block_1_12' title="bbox 53 2685 418 2774">
    <p class='ocr_par' dir='ltr' id='par_1_14' title="bbox 53 2685 418 2774">
     <span class='ocr_line' id='line_1_23' title="bbox 53 2685 418 2774; baseline -0.005 -26"><span class='ocrx_word' id='word_1_140' title='bbox 53 2767 56 2774; x_wconf 23' lang='lat'><em>·</em></span> <span class='ocrx_word' id='word_1_141' title='bbox 155 2685 224 2747; x_wconf 88' lang='lat' dir='ltr'><strong>iecit</strong></span> <span class='ocrx_word' id='word_1_142' title='bbox 244 2685 418 2746; x_wconf 87' lang='lat' dir='ltr'><strong>consulis.</strong></span> 
     </span>
    </p>
   </div>
   <div class='ocr_carea' id='block_1_13' title="bbox 625 2819 719 2880">
    <p class='ocr_par' dir='ltr' id='par_1_15' title="bbox 625 2819 719 2880">
     <span class='ocr_line' id='line_1_24' title="bbox 625 2819 719 2880; baseline 0.021 -2"><span class='ocrx_word' id='word_1_143' title='bbox 625 2819 719 2880; x_wconf 76' lang='lat' dir='ltr'><strong>xxii.</strong></span> 
     </span>
    </p>
   </div>
   <div class='ocr_carea' id='block_1_14' title="bbox 156 2937 1190 3296">
    <p class='ocr_par' dir='ltr' id='par_1_16' title="bbox 156 2937 1190 3296">
     <span class='ocr_line' id='line_1_25' title="bbox 241 2937 1190 3017; baseline 0.008 -21"><span class='ocrx_word' id='word_1_144' title='bbox 241 2937 350 2998; x_wconf 85' lang='lat' dir='ltr'><strong>Nonius</strong></span> <span class='ocrx_word' id='word_1_145' title='bbox 376 2958 405 3017; x_wconf 81' lang='lat' dir='ltr'><strong>p.</strong></span> <span class='ocrx_word' id='word_1_146' title='bbox 427 2940 488 3000; x_wconf 75' lang='lat'><strong>513</strong></span> <span class='ocrx_word' id='word_1_147' title='bbox 521 2937 567 2997; x_wconf 87' lang='lat' dir='ltr'><strong>ed.</strong></span> <span class='ocrx_word' id='word_1_148' title='bbox 598 2937 703 3000; x_wconf 78' lang='lat' dir='ltr'><strong>blera:</strong></span> <span class='ocrx_word' id='word_1_149' title='bbox 737 2939 898 3011; x_wconf 75' lang='lat' dir='ltr'><strong>„Hilaro</strong></span> <span class='ocrx_word' id='word_1_150' title='bbox 925 2974 968 2985; x_wconf 96' lang='lat'>-</span> <span class='ocrx_word' id='word_1_151' title='bbox 999 2940 1135 3003; x_wconf 80' lang='lat' dir='ltr'><strong>Afranius</strong></span> <span class='ocrx_word' id='word_1_152' title='bbox 1161 2943 1190 3004; x_wconf 90' lang='lat' dir='ltr'><strong>in</strong></span> 
     </span>
     <span class='ocr_line' id='line_1_26' title="bbox 156 3021 309 3104; baseline 0.007 -23"><span class='ocrx_word' id='word_1_153' title='bbox 156 3021 309 3104; x_wconf 73' lang='lat' dir='ltr'><strong>Priuigno:</strong></span> 
     </span>
     <span class='ocr_line' id='line_1_27' title="bbox 408 3105 1047 3198; baseline 0.008 -23"><span class='ocrx_word' id='word_1_154' title='bbox 408 3148 459 3158; x_wconf 88' lang='lat'><strong>-</strong></span> <span class='ocrx_word' id='word_1_155' title='bbox 483 3105 532 3176; x_wconf 81' lang='lat' dir='ltr'><strong>Et</strong></span> <span class='ocrx_word' id='word_1_156' title='bbox 555 3106 700 3197; x_wconf 78' lang='lat' dir='ltr'><strong>propter</strong></span> <span class='ocrx_word' id='word_1_157' title='bbox 724 3108 922 3198; x_wconf 71' lang='lat' dir='ltr'><strong>patruelem</strong></span> <span class='ocrx_word' id='word_1_158' title='bbox 947 3117 1047 3180; x_wconf 88' lang='lat' dir='ltr'><strong>tuam</strong></span> 
     </span>
     <span class='ocr_line' id='line_1_28' title="bbox 209 3199 1094 3296; baseline 0.006 -20"><span class='ocrx_word' id='word_1_159' title='bbox 209 3199 405 3278; x_wconf 79' lang='lat' dir='ltr'><strong>Constituit</strong></span> <span class='ocrx_word' id='word_1_160' title='bbox 429 3207 544 3277; x_wconf 84' lang='lat' dir='ltr'><strong>hilare</strong></span> <span class='ocrx_word' id='word_1_161' title='bbox 570 3207 753 3296; x_wconf 76' lang='lat' dir='ltr'><strong>anhelans,</strong></span> <span class='ocrx_word' id='word_1_162' title='bbox 779 3210 919 3280; x_wconf 76' lang='lat' dir='ltr'><strong>deiecti</strong></span> <span class='ocrx_word' id='word_1_163' title='bbox 944 3217 1094 3282; x_wconf 86' lang='lat' dir='ltr'><strong>coma.“</strong></span> 
     </span>
    </p>
   </div>
   <div class='ocr_carea' id='block_1_15' title="bbox 120 3324 1194 4172">
    <p class='ocr_par' dir='ltr' id='par_1_17' title="bbox 120 3324 1194 4172">
     <span class='ocr_line' id='line_1_29' title="bbox 157 3324 1192 3390; baseline 0.004 -6"><span class='ocrx_word' id='word_1_164' title='bbox 157 3325 276 3386; x_wconf 88' lang='lat' dir='ltr'><strong>bilarc</strong></span> <span class='ocrx_word' id='word_1_165' title='bbox 302 3326 485 3385; x_wconf 76' lang='lat' dir='ltr'><strong>anhelans.</strong></span> <span class='ocrx_word' id='word_1_166' title='bbox 523 3324 683 3384; x_wconf 86' lang='lat' dir='ltr'><strong>Ven.l.ll.</strong></span> <span class='ocrx_word' id='word_1_167' title='bbox 711 3325 778 3384; x_wconf 90' lang='lat' dir='ltr'><strong>Par.</strong></span> <span class='ocrx_word' id='word_1_168' title='bbox 806 3326 982 3386; x_wconf 81' lang='lat' dir='ltr'><strong>anhelans</strong></span> <span class='ocrx_word' id='word_1_169' title='bbox 1004 3329 1128 3390; x_wconf 89' lang='lat' dir='ltr'><strong>hilare.</strong></span> <span class='ocrx_word' id='word_1_170' title='bbox 1150 3362 1192 3378; x_wconf 85' lang='lat'><em>-</em></span> 
     </span>
     <span class='ocr_line' id='line_1_30' title="bbox 158 3408 1194 3490; baseline 0.005 -20"><span class='ocrx_word' id='word_1_171' title='bbox 158 3409 372 3470; x_wconf 81' lang='lat' dir='ltr'><strong>Constituit.</strong></span> <span class='ocrx_word' id='word_1_172' title='bbox 400 3410 557 3468; x_wconf 83' lang='lat' dir='ltr'><strong>Palmarius</strong></span> <span class='ocrx_word' id='word_1_173' title='bbox 579 3409 608 3468; x_wconf 92' lang='lat' dir='ltr'><strong>in</strong></span> <span class='ocrx_word' id='word_1_174' title='bbox 630 3408 775 3490; x_wconf 63' lang='lat' dir='ltr'><strong>spicileg„</strong></span> <span class='ocrx_word' id='word_1_175' title='bbox 798 3411 880 3470; x_wconf 85' lang='lat' dir='ltr'><strong>Grut.</strong></span> <span class='ocrx_word' id='word_1_176' title='bbox 903 3412 993 3471; x_wconf 77' lang='lat' dir='ltr'><strong>Thes.</strong></span> <span class='ocrx_word' id='word_1_177' title='bbox 1010 3414 1073 3473; x_wconf 88' lang='lat' dir='ltr'><strong>crit.</strong></span> <span class='ocrx_word' id='word_1_178' title='bbox 1093 3413 1194 3478; x_wconf 74' lang='lat' dir='ltr'><strong>T.1v;</strong></span> 
     </span>
     <span class='ocr_line' id='line_1_31' title="bbox 156 3494 1193 3575; baseline 0.004 -21"><span class='ocrx_word' id='word_1_179' title='bbox 156 3503 282 3575; x_wconf 77' lang='lat' dir='ltr'><strong>p.853‚</strong></span> <span class='ocrx_word' id='word_1_180' title='bbox 312 3496 356 3553; x_wconf 86' lang='lat' dir='ltr'><strong>Ut</strong></span> <span class='ocrx_word' id='word_1_181' title='bbox 384 3495 566 3554; x_wconf 90' lang='lat' dir='ltr'><strong>constitit.</strong></span> <span class='ocrx_word' id='word_1_182' title='bbox 595 3527 637 3539; x_wconf 90' lang='lat'><em>-</em></span> <span class='ocrx_word' id='word_1_183' title='bbox 664 3494 818 3554; x_wconf 80' lang='lat' dir='ltr'><strong>d&#39;eiccta.</strong></span> <span class='ocrx_word' id='word_1_184' title='bbox 852 3497 1013 3558; x_wconf 84' lang='lat' dir='ltr'><strong>ch.l.ll.</strong></span> <span class='ocrx_word' id='word_1_185' title='bbox 1041 3499 1108 3558; x_wconf 87' lang='lat' dir='ltr'><strong>Par.</strong></span> <span class='ocrx_word' id='word_1_186' title='bbox 1140 3501 1193 3572; x_wconf 82' lang='lat' dir='ltr'><strong>de-</strong></span> 
     </span>
     <span class='ocr_line' id='line_1_32' title="bbox 156 3578 1190 3664; baseline 0.009 -26"><span class='ocrx_word' id='word_1_187' title='bbox 156 3578 264 3639; x_wconf 90' lang='lat' dir='ltr'><strong>lecta.</strong></span> <span class='ocrx_word' id='word_1_188' title='bbox 287 3579 369 3638; x_wconf 86' lang='lat' dir='ltr'><strong>Both.</strong></span> <span class='ocrx_word' id='word_1_189' title='bbox 394 3579 564 3649; x_wconf 84' lang='lat' dir='ltr'><strong>disiecta,</strong></span> <span class='ocrx_word' id='word_1_190' title='bbox 587 3599 712 3649; x_wconf 87' lang='lat' dir='ltr'><strong>mouens,</strong></span> <span class='ocrx_word' id='word_1_191' title='bbox 735 3579 856 3638; x_wconf 87' lang='lat' dir='ltr'><strong>disiici</strong></span> <span class='ocrx_word' id='word_1_192' title='bbox 878 3602 972 3640; x_wconf 88' lang='lat' dir='ltr'><strong>eomas</strong></span> <span class='ocrx_word' id='word_1_193' title='bbox 987 3583 1048 3644; x_wconf 81' lang='lat' dir='ltr'><strong>siue</strong></span> <span class='ocrx_word' id='word_1_194' title='bbox 1064 3585 1190 3664; x_wconf 79' lang='lat' dir='ltr'><strong>capillos.</strong></span> 
     </span>
     <span class='ocr_line' id='line_1_33' title="bbox 158 3663 1192 3742; baseline 0.008 -20"><span class='ocrx_word' id='word_1_195' title='bbox 158 3665 240 3730; x_wconf 72' lang='lat' dir='ltr'><strong>Quod</strong></span> <span class='ocrx_word' id='word_1_196' title='bbox 268 3663 392 3742; x_wconf 87' lang='lat' dir='ltr'><strong>quamvis</strong></span> <span class='ocrx_word' id='word_1_197' title='bbox 429 3685 525 3724; x_wconf 84' lang='lat' dir='ltr'><strong>verum</strong></span> <span class='ocrx_word' id='word_1_198' title='bbox 557 3664 608 3734; x_wconf 87' lang='lat' dir='ltr'><strong>sit,</strong></span> <span class='ocrx_word' id='word_1_199' title='bbox 646 3672 737 3722; x_wconf 87' lang='lat' dir='ltr'><strong>tamen</strong></span> <span class='ocrx_word' id='word_1_200' title='bbox 774 3665 857 3723; x_wconf 86' lang='lat' dir='ltr'><strong>etiarn</strong></span> <span class='ocrx_word' id='word_1_201' title='bbox 889 3667 999 3728; x_wconf 87' lang='lat' dir='ltr'><strong>deiiei</strong></span> <span class='ocrx_word' id='word_1_202' title='bbox 1031 3690 1110 3730; x_wconf 90' lang='lat' dir='ltr'><strong>coma</strong></span> <span class='ocrx_word' id='word_1_203' title='bbox 1137 3671 1192 3732; x_wconf 90' lang='lat' dir='ltr'><strong>dici</strong></span> 
     </span>
     <span class='ocr_line' id='line_1_34' title="bbox 156 3748 1193 3830; baseline 0.011 -26"><span class='ocrx_word' id='word_1_204' title='bbox 156 3756 259 3828; x_wconf 84' lang='lat' dir='ltr'><strong>potest.</strong></span> <span class='ocrx_word' id='word_1_205' title='bbox 304 3751 425 3808; x_wconf 87' lang='lat' dir='ltr'><strong>Tacitus</strong></span> <span class='ocrx_word' id='word_1_206' title='bbox 455 3750 528 3807; x_wconf 86' lang='lat' dir='ltr'><strong>Anu.</strong></span> <span class='ocrx_word' id='word_1_207' title='bbox 547 3748 623 3809; x_wconf 79' lang='lat' dir='ltr'><strong>xlv,</strong></span> <span class='ocrx_word' id='word_1_208' title='bbox 647 3757 703 3810; x_wconf 79' lang='lat'><strong>30:</strong></span> <span class='ocrx_word' id='word_1_209' title='bbox 738 3750 865 3820; x_wconf 84' lang='lat' dir='ltr'><strong>„Stabat</strong></span> <span class='ocrx_word' id='word_1_210' title='bbox 892 3771 944 3830; x_wconf 84' lang='lat' dir='ltr'><strong>pro</strong></span> <span class='ocrx_word' id='word_1_211' title='bbox 964 3753 1060 3812; x_wconf 83' lang='lat' dir='ltr'><strong>littore</strong></span> <span class='ocrx_word' id='word_1_212' title='bbox 1081 3755 1193 3826; x_wconf 79' lang='lat' dir='ltr'><strong>diversa</strong></span> 
     </span>
     <span class='ocr_line' id='line_1_35' title="bbox 158 3832 1193 3912; baseline 0.008 -20"><span class='ocrx_word' id='word_1_213' title='bbox 158 3832 244 3904; x_wconf 84' lang='lat' dir='ltr'><strong>acics,</strong></span> <span class='ocrx_word' id='word_1_214' title='bbox 267 3834 354 3892; x_wconf 87' lang='lat' dir='ltr'><strong>densa</strong></span> <span class='ocrx_word' id='word_1_215' title='bbox 375 3833 459 3893; x_wconf 88' lang='lat' dir='ltr'><strong>armis</strong></span> <span class='ocrx_word' id='word_1_216' title='bbox 481 3833 612 3912; x_wconf 82' lang='lat' dir='ltr'><strong>virisque,</strong></span> <span class='ocrx_word' id='word_1_217' title='bbox 635 3833 887 3894; x_wconf 77' lang='lat' dir='ltr'><strong>intercursantibus</strong></span> <span class='ocrx_word' id='word_1_218' title='bbox 903 3835 1014 3896; x_wconf 88' lang='lat' dir='ltr'><strong>feminis</strong></span> <span class='ocrx_word' id='word_1_219' title='bbox 1035 3838 1063 3899; x_wconf 92' lang='lat' dir='ltr'><strong>in</strong></span> <span class='ocrx_word' id='word_1_220' title='bbox 1083 3842 1193 3900; x_wconf 87' lang='lat' dir='ltr'><strong>modum</strong></span> 
     </span>
     <span class='ocr_line' id='line_1_36' title="bbox 156 3918 1192 4002; baseline 0.008 -26"><span class='ocrx_word' id='word_1_221' title='bbox 156 3918 312 3988; x_wconf 80' lang='lat' dir='ltr'><strong>Furiarum,</strong></span> <span class='ocrx_word' id='word_1_222' title='bbox 335 3939 406 3996; x_wconf 86' lang='lat' dir='ltr'><strong>quae</strong></span> <span class='ocrx_word' id='word_1_223' title='bbox 428 3926 505 3980; x_wconf 89' lang='lat' dir='ltr'><strong>veste</strong></span> <span class='ocrx_word' id='word_1_224' title='bbox 527 3918 623 3989; x_wconf 78' lang='lat' dir='ltr'><strong>forali,</strong></span> <span class='ocrx_word' id='word_1_225' title='bbox 654 3918 776 3978; x_wconf 86' lang='lat' dir='ltr'><strong>crinibus</strong></span> <span class='ocrx_word' id='word_1_226' title='bbox 798 3919 929 3992; x_wconf 89' lang='lat' dir='ltr'><strong>deiectis,</strong></span> <span class='ocrx_word' id='word_1_227' title='bbox 952 3921 1029 3982; x_wconf 71' lang='lat' dir='ltr'><strong>lances</strong></span> <span class='ocrx_word' id='word_1_228' title='bbox 1051 3924 1192 4002; x_wconf 87' lang='lat' dir='ltr'><strong>praefere-</strong></span> 
     </span>
     <span class='ocr_line' id='line_1_37' title="bbox 156 4002 1191 4080; baseline 0.009 -20"><span class='ocrx_word' id='word_1_229' title='bbox 156 4002 254 4060; x_wconf 87' lang='lat' dir='ltr'><strong>bant.“</strong></span> <span class='ocrx_word' id='word_1_230' title='bbox 297 4003 327 4060; x_wconf 91' lang='lat' dir='ltr'><strong>ln</strong></span> <span class='ocrx_word' id='word_1_231' title='bbox 356 4004 454 4080; x_wconf 85' lang='lat' dir='ltr'><strong>quibus</strong></span> <span class='ocrx_word' id='word_1_232' title='bbox 481 4013 581 4063; x_wconf 90' lang='lat' dir='ltr'><strong>contra</strong></span> <span class='ocrx_word' id='word_1_233' title='bbox 609 4004 733 4062; x_wconf 87' lang='lat' dir='ltr'><strong>codicum</strong></span> <span class='ocrx_word' id='word_1_234' title='bbox 757 4005 953 4064; x_wconf 86' lang='lat' dir='ltr'><strong>auctoritatem</strong></span> <span class='ocrx_word' id='word_1_235' title='bbox 974 4008 1061 4068; x_wconf 86' lang='lat' dir='ltr'><strong>verba</strong></span> <span class='ocrx_word' id='word_1_236' title='bbox 1082 4009 1191 4076; x_wconf 88' lang='lat' dir='ltr'><strong>crini-</strong></span> 
     </span>
     <span class='ocr_line' id='line_1_38' title="bbox 120 4085 1192 4172; baseline 0.009 -28"><span class='ocrx_word' id='word_1_237' title='bbox 120 4147 124 4160; x_wconf 62' lang='lat'><em>,</em></span> <span class='ocrx_word' id='word_1_238' title='bbox 156 4085 218 4144; x_wconf 92' lang='lat' dir='ltr'><strong>bus</strong></span> <span class='ocrx_word' id='word_1_239' title='bbox 241 4086 394 4147; x_wconf 89' lang='lat' dir='ltr'><strong>deiectis</strong></span> <span class='ocrx_word' id='word_1_240' title='bbox 425 4089 496 4148; x_wconf 88' lang='lat' dir='ltr'><strong>male</strong></span> <span class='ocrx_word' id='word_1_241' title='bbox 522 4087 678 4148; x_wconf 86' lang='lat' dir='ltr'><strong>turbantem</strong></span> <span class='ocrx_word' id='word_1_242' title='bbox 706 4088 862 4148; x_wconf 81' lang='lat' dir='ltr'><strong>Acidalium</strong></span> <span class='ocrx_word' id='word_1_243' title='bbox 889 4111 946 4150; x_wconf 91' lang='lat' dir='ltr'><strong>non</strong></span> <span class='ocrx_word' id='word_1_244' title='bbox 974 4090 1124 4164; x_wconf 79' lang='lat' dir='ltr'><strong>defuerunt</strong></span> <span class='ocrx_word' id='word_1_245' title='bbox 1146 4094 1192 4172; x_wconf 86' lang='lat' dir='ltr'><strong>qui</strong></span> 
     </span>
    </p>
   </div>
   <div class='ocr_carea' id='block_1_16' title="bbox 36 4172 1194 4238">
    <p class='ocr_par' dir='ltr' id='par_1_18' title="bbox 36 4172 1194 4238">
     <span class='ocr_line' id='line_1_39' title="bbox 36 4172 1194 4238; baseline 0.012 -14"><span class='ocrx_word' id='word_1_246' title='bbox 36 4211 41 4224; x_wconf 89' lang='lat'><strong>.</strong></span> <span class='ocrx_word' id='word_1_247' title='bbox 155 4178 296 4232; x_wconf 88' lang='lat' dir='ltr'><strong>natarent.</strong></span> <span class='ocrx_word' id='word_1_248' title='bbox 340 4173 488 4232; x_wconf 80' lang='lat' dir='ltr'><strong>Caeterum</strong></span> <span class='ocrx_word' id='word_1_249' title='bbox 515 4173 598 4232; x_wconf 84' lang='lat' dir='ltr'><strong>ctiam</strong></span> <span class='ocrx_word' id='word_1_250' title='bbox 627 4172 774 4233; x_wconf 87' lang='lat' dir='ltr'><strong>discrimen</strong></span> <span class='ocrx_word' id='word_1_251' title='bbox 803 4181 847 4233; x_wconf 87' lang='lat' dir='ltr'><strong>est</strong></span> <span class='ocrx_word' id='word_1_252' title='bbox 871 4173 946 4235; x_wconf 88' lang='lat' dir='ltr'><strong>iuter</strong></span> <span class='ocrx_word' id='word_1_253' title='bbox 976 4196 1105 4237; x_wconf 89' lang='lat' dir='ltr'><strong>comam</strong></span> <span class='ocrx_word' id='word_1_254' title='bbox 1127 4178 1194 4238; x_wconf 85' lang='lat' dir='ltr'><strong>dis·</strong></span> 
     </span>
    </p>
   </div>
   <div class='ocr_carea' id='block_1_17' title="bbox 912 4274 952 4338">
    <p class='ocr_par' dir='ltr' id='par_1_19' title="bbox 912 4274 952 4338">
     <span class='ocr_line' id='line_1_40' title="bbox 912 4274 952 4338; baseline 0.05 -2"><span class='ocrx_word' id='word_1_255' title='bbox 912 4274 952 4338; x_wconf 87' lang='lat'><strong>16</strong></span> 
     </span>
    </p>
   </div>
   <div class='ocr_carea' id='block_1_18' title="bbox 0 0 1485 4838">
    <p class='ocr_par' dir='ltr' id='par_1_20' title="bbox 0 0 1485 4838">
     <span class='ocr_line' id='line_1_41' title="bbox 0 0 1485 4838; baseline 0 0"><span class='ocrx_word' id='word_1_256' title='bbox 0 0 1485 4838; x_wconf 95' lang='lat' dir='ltr'><strong> </strong></span> 
     </span>
    </p>
   </div>
  </div>
 </body>
</html>
