2940 4838
281 348 371 424 240

281 526 352 586 Pari
381 525 492 587 ratione
524 527 658 602 Botlrius,
690 535 797 588 mutato
825 535 932 591 tantum
963 529 1163 610 promisceri
1192 533 1224 592 in
1249 554 1325 614 per-

280 610 409 670 misces
431 619 553 672 etcum
575 613 739 673 celebras
766 614 795 673 in
817 615 1089 677 concelebrans.
1131 617 1212 684 Quae
1234 626 1267 680 ut
1287 621 1325 680 ad

281 703 399 755 metrum
421 696 618 776 optinuerunt,
640 706 733 758 mmen
755 698 935 760 dubitandum
955 700 1078 775 videtur,
1100 721 1165 764 num
1187 701 1325 764 Afranius

280 780 416 844 festivo
443 781 500 840 dia
530 781 634 841 dixerit
664 803 714 863 pro
742 781 840 842 festo
868 784 932 844 die.
975 785 1046 845 Nam
1068 787 1122 846 etsi
1143 787 1324 849 manifestum

248 879 255 890 '
281 874 340 940 est,
368 865 499 926 festivum
524 866 677 927 derivatum
705 887 769 927 esse
790 887 807 927 a
828 867 920 941 festo,
954 874 1047 928 anon
1069 891 1126 930 non
1147 873 1239 950 quivis
1262 875 1324 934 dies

281 950 371 1012 festus
398 951 482 1010 etiam
514 949 632 1012 festivus
653 955 712 1024 est,
746 952 820 1012 sicut
840 973 896 1014 non
919 973 1017 1012 omnes
1037 952 1133 1017 festivi
1154 957 1215 1016 dies
1237 958 1324 1018 etiam

200 1087 203 1098 ,
279 1035 347 1094 festi
377 1043 452 1095 sunt.
495 1035 565 1095 Ilias
597 1035 687 1095 festus
717 1044 825 1096 tantum
852 1037 958 1097 indicat
984 1039 1097 1116 aliquod
1118 1047 1241 1120 tempus,
1274 1044 1324 1103 ubi

280 1119 485 1184 vel.sacrificis
504 1118 576 1180 fiunt
596 1121 642 1182 vel
662 1120 720 1180 ludi
741 1121 926 1181 instituuntur
946 1122 991 1184 vel
1013 1123 1089 1183 aliud
1110 1126 1176 1203 quid
1195 1127 1324 1186 celebra-

280 1205 349 1277 tur3'
364 1206 424 1265 dies
445 1200 564 1266 festivum
584 1205 611 1264 is
633 1213 691 1276 est,
713 1206 761 1284 qui
782 1206 897 1265 bilarins
918 1207 949 1266 et
969 1207 1131 1281 iucundius,
1153 1229 1235 1288 qnam
1257 1231 1323 1272 cae-
1432 1249 1433 1292 1

201 1317 208 1327 ·
280 1290 348 1364 teri,
375 1289 552 1371 transigitur.
596 1290 653 1356 aui
682 1289 770 1350 futuri
797 1290 856 1350 sint
877 1290 936 1350 dies
956 1288 1038 1366 festi,
1070 1313 1180 1373 semper
1200 1296 1321 1369 scimus3

279 1376 328 1455 qui
348 1373 435 1434 iuuari
456 1375 514 1433 sint
535 1373 595 1433 dier
616 1373 720 1447 festivi,
742 1394 828 1454 saepe
843 1375 1020 1457 ignoramus3
1042 1379 1173 1455 quoniam
1189 1379 1230 1438 illi
1246 1381 1321 1462 legi-

278 1461 331 1522 bus
361 1468 428 1519 sunt
455 1459 600 1518 constituti
628 1466 658 1518 et
679 1460 715 1519 ad
736 1466 824 1518 totum
846 1461 976 1540 populum
997 1460 1153 1540 pertinent,
1186 1463 1215 1522 bi
1237 1485 1321 1524 occa-

279 1546 360 1605 sione
379 1543 426 1606 vel
449 1543 545 1623 paucis
565 1543 612 1605 uel
633 1543 726 1602 multis
747 1543 903 1603 bominibus
929 1543 1119 1625 proferuntur.
1160 1546 1322 1628 Propterea

279 1637 371 1689 autem
394 1627 541 1700 festivum,
562 1628 637 1687 unde
659 1627 806 1686 deducitur
826 1627 985 1702 festivitas,
1007 1630 1080 1690 banc
1100 1631 1186 1692 babet
1207 1633 1320 1715 signifi-

279 1715 434 1787 cntionem,
464 1713 554 1791 quod,
583 1719 615 1772 ut
646 1720 724 1772 recte
753 1713 951 1785 observarunt,
985 1713 1083 1773 diebus
1113 1714 1195 1774 lestis
1224 1718 1321 1778 omnia

278 1799 399 1859 laetiora
429 1805 513 1876 atque
540 1797 674 1857 hilariora
701 1817 837 1876 apparere
858 1799 959 1858 solent.
1002 1799 1084 1873 llanc
1103 1819 1171 1861 vero
1194 1801 1230 1860 ob
1253 1823 1319 1862 cau·

278 1905 339 1944 sam
360 1883 443 1944 etiam
464 1880 527 1941 fieri
548 1880 649 1962 potuit,
671 1889 703 1940 ut
724 1883 836 1942 omnino
859 1882 918 1941 dies
940 1881 1006 1942 sesti
1027 1881 1122 1945 festivi
1143 1886 1318 1965 appellaren-

278 1975 340 2044 tur3
372 1969 445 2048 quod
469 1976 561 2026 tamen
584 1986 648 2025 num
669 1965 773 2026 factum
795 1967 846 2039 sit,
878 1967 1069 2042 dubiumst,
1102 1969 1168 2048 quia
1190 1971 1252 2029 eius
1273 1973 1318 2032 rei

278 2062 357 2115 certa
384 2051 527 2131 exempla,
553 2051 627 2130 quod
649 2051 749 2123 sciam,
781 2051 855 2131 apud
875 2052 1026 2131 scriptores
1047 2073 1105 2112 non
1125 2055 1316 2134 reperiuntur.

278 2141 368 2199 Recte
395 2146 488 2198 tamea
517 2133 699 2196 festivitatem
728 2156 779 2215 pro
810 2135 999 2196 celebratione
1026 2135 1093 2197 festi
1119 2159 1218 2218 ponas.
1269 2139 1316 2202 (li.

276 2224 395 2284 Lexica.
438 2223 470 2281 ln
498 2219 607 2300 Afranii
633 2221 697 2279 loco
725 2221 793 2280 illud
818 2219 954 2282 festivo
976 2222 1043 2281 die¹
1062 2222 1195 2283 incertius
1221 2223 1316 2285 reddi-

276 2303 331 2369 tur¹
357 2309 440 2368 etiam
470 2325 521 2382 eo,
559 2305 634 2384 qnod
663 2305 772 2364 Nonius
803 2305 916 2384 scripsit
951 2305 1115 2367 Profecti
1151 2315 1187 2368 et
1223 2307 1316 2370 festi
1432 2311 1433 2322 ¹

262 2395 354 2454 ¹dies
390 2394 650 2454 discernuntur
683 2397 737 2449 etc.
790 2389 861 2449 Nam
890 2391 945 2450 boc
974 2411 1059 2452 unum
1092 2398 1199 2453 tantum
1230 2393 1316 2454 affert

276 2479 450 2557 exemplum,
489 2482 534 2547 et,
567 2474 593 2532 si
623 2473 661 2534 ibi
690 2474 827 2556 legisset,
865 2475 940 2553 quad
970 2476 1172 2536 restituendum
1204 2486 1314 2557 putant,

256 2559 420 2644 ¹probabile
446 2567 505 2632 est,
537 2579 599 2618 eum
626 2557 902 2637 scripturumluisse
927 2559 1094 2621 Prolesti
1121 2569 1156 2620 et
1184 2561 1314 2625 festivi

277 2649 353 2707 dies
386 2653 440 2705 etc.
492 2644 584 2702 Porro
614 2643 778 2705 vocabulum
811 2663 937 2722 oeque,
975 2646 1050 2723 quod
1085 2646 1160 2724 apud
1197 2648 1313 2707 Festum

276 2751 387 2812 quoque
405 2728 614 2810 cognoscimus,
642 2728 844 2787 exturbandum
864 2749 919 2788 non
938 2729 1056 2790 videtur.
1089 2732 1198 2793 Totam
1219 2740 1313 2792 autern

275 2819 366 2878 locum
387 2815 429 2874 sic
449 2812 511 2873 iere
531 2812 706 2871 scribendum
726 2813 863 2872 arbitror:

244 2933 247 2938 '
287 2937 288 2943 ¹
325 2915 525 3008 (tuaequae
549 2916 643 3009 festo
669 2915 825 2984 solemus
849 2915 972 2984 facere
997 2914 1064 2986 nds
1088 2917 1159 3004 die,

326 3017 548 3099 Quotidiano
574 3003 904 3106 pbr'misc'es'lopere
929 3015 1069 3107 omnia3
1138 3028 1140 3034 '

324 3110 456 3213 Aeque
481 3120 643 3210 profesto
668 3115 902 3187 cdncelebras
927 3119 1049 3188 focum
1075 3124 1185 3188 tuum.

274 3242 319 3301 Ad
339 3235 513 3300 sententiam
528 3235 599 3296 bene
619 3233 789 3294 Mercarius:
813 3235 925 3306 „Festo
943 3234 988 3294 die
1000 3235 1214 3298 concelebratur
1229 3237 1309 3298 focus
1365 3255 1367 3268 ·
1431 3291 1432 3299 ,

273 3323 440 3389 venerandis
470 3321 642 3382 numinibus:
677 3317 803 3398 profesto
834 3318 1003 3379 cotidianum
1032 3319 1171 3399 constit,
1203 3331 1235 3382 at
1264 3322 1308 3382 bic

273 3408 460 3490 promiscebat
481 3405 589 3476 omnia,
612 3403 782 3464 cotidianum
804 3423 874 3482 opus
895 3401 970 3468 festo
993 3404 1039 3465 dia
1060 3403 1178 3477 saciens',
1198 3426 1309 3467 sacrum

273 3493 428 3575 profesto.“
471 3490 588 3552 Caecilii
617 3509 728 3552 remum
748 3489 973 3568 spadanorum,
994 3490 1119 3568 quamvis
1140 3491 1310 3563 dubitanter,

272 3581 315 3640 sic
334 3577 482 3638 restituas:
1263 3647 1271 3656 ἕ

336 3661 436 3729 Quod
484 3656 637 3719 ftcimns
685 3654 1063 3802 ριοίιιῒό,ωξὲιόιίιάιίἰθ
1097 3659 1310 3721 tantundem

735 3859 839 3918 XVlll.

356 3980 466 4042 Nonius
481 4001 508 4059 p.
521 3985 583 4041 488
600 3977 645 4037 ed.
659 3978 765 4037 blera:
788 3975 1024 4058 „vulgariam
1038 3949 1091 4058 nro
1101 3978 1257 4060 vulgarem.
1267 4009 1309 4024 -

270 4069 404 4130 Afranius
426 4067 453 4125 in
475 4063 630 4145 Priuigno:

320 4153 464 4227 Dehinc
490 4148 725 4221 temeritatem
750 4137 1172 4242 re'pudiorulgsiriamfl
