2940 4838
265 365 350 444 256

265 546 413 602 tantum.
446 539 516 601 Ven.
538 541 562 600 1.
583 539 621 602 ll.
654 539 724 612 Par.
750 547 854 604 tuum.
882 574 923 589 -
953 543 1074 605 lratus
1095 543 1301 607 -lieeret

242 645 245 650 ’
266 626 316 686 Sic
332 623 496 708 Gulielmius
513 625 632 692 maest.
653 627 683 685 iu
703 627 797 686 Plaut.
812 626 907 688 Aulrd.
928 629 968 702 1.,
989 630 1094 703 blera,
1114 626 1199 690 Bam.
1229 630 1302 691 (lod.

266 711 385 790 Guelpb.
413 717 443 771 et
469 709 532 770 edd.
566 717 633 770 ente
658 711 747 772 llere.
774 712 923 772 miratus
951 743 994 758 -·
1026 714 1146 774 licere.
1195 714 1303 774 Guliel-

263 795 335 854 mius
355 796 375 855 l.
397 816 438 855 c.:
471 794 575 869 „llicit
599 795 811 855 honestissimus
837 797 1017 869 adolescens,
1045 819 1078 858 so
1097 798 1154 858 nisi
1175 806 1233 858 tarn
1254 799 1302 860 bo·

264 880 381 961 nignum
409 886 517 959 patrem
539 879 692 959 nimiopere
719 887 841 952 arnmot,
874 882 1052 942 irasciturum
1072 883 1113 942 iili
1133 882 1239 956 fuisse,
1272 891 1303 944 et

264 964 325 1024 irae
365 971 458 1024 tamen
502 971 748 1042 temperamentum
789 965 1010 1026 adhibiturum.“
1071 968 1149 1028 ldern
1184 968 1302 1028 ibidem:
1366 1005 1376 1032 s

263 1047 423 1121 „Afranius
453 1049 558 1108 extulit
585 1051 711 1130 adque,
742 1051 818 1129 quod
846 1063 899 1110 uo's
925 1051 1057 1112 usitatius
1083 1053 1207 1132 quood.
1241 1073 1301 1112 non
1384 1061 1393 1080 ⁸

263 1134 337 1192 enim
359 1153 394 1194 ea
414 1154 471 1195 vox
492 1153 567 1196 nove
588 1143 646 1211 cst,
667 1143 700 1194 ut
715 1134 824 1195 Nonius
844 1137 969 1216 putavit,
996 1138 1047 1198 sed
1067 1136 1229 1200 inversione
1250 1158 1302 1197 no·

263 1224 363 1280 vuta“

756 1353 805 1415 Vl.

345 1468 455 1530 Nonius
475 1493 502 1552 p.
520 1475 577 1534 125
600 1471 644 1532 ed.
665 1470 769 1531 blera:
797 1472 1092 1548 „lntolerabilis,
1120 1472 1231 1548 idest,
1253 1474 1302 1554 qui
1376 1539 1379 1546 Δ

264 1555 381 1615 tolerari
402 1576 460 1614 non
481 1556 581 1636 possit.
623 1554 757 1615 Afranius
778 1555 808 1615 in
828 1557 983 1640 Privigno:

427 1699 480 1743 .···
505 1656 616 1734 Quod
641 1659 674 1728 si
697 1649 868 1729 fecissem
893 1661 1016 1749 paullo
1042 1659 1198 1750 saepius,

313 1748 515 1828 Didicisset
537 1761 633 1830 ferre
660 1766 696 1828 et
719 1752 793 1830 non
820 1783 901 1830 esse
926 1751 1202 1833 intolcrsibilis.“

144 1917 145 1920 η
262 1875 472 1936 Didicirset.
510 1876 581 1934 cod.
610 1877 728 1956 Guelpb.
762 1877 833 1936 Ven.
860 1880 883 1936 1.
906 1877 942 1937 ll.
975 1879 1042 1938 Por.
1074 1879 1139 1938 Ald.
1170 1878 1301 1938 didicit

263 1980 341 2019 erse
366 1961 406 2021 is.
437 1961 504 2020 Rus.
527 1961 625 2040 Stepb.
647 1961 845 2023 didicisset
873 1962 917 2022 id.
951 1963 1018 2023 luo.
1039 1963 1127 2023 llere.
1155 1963 1301 2024 didicis·

263 2052 317 2105 set
337 2045 377 2106 is.
421 2045 556 2104 Correxit
577 2045 704 2105 liotbius.
761 2063 765 2067 ’
789 2086 793 2103 .

751 2213 812 2274 Vll.

344 2329 455 2392 Nonius
475 2352 503 2410 p.
517 2335 577 2393 215
600 2331 644 2391 ed.
665 2332 770 2392 llere:
801 2331 1037 2412 „Obsequium
1061 2339 1165 2392 neutro
1191 2353 1299 2416 genere

260 2418 388 2478 babebrr.
415 2449 458 2462 —-
488 2415 691 2495 Obsequela
713 2415 861 2476 feminino.
894 2418 1013 2477 Plautus
1040 2417 1070 2476 io
1097 2418 1231 2478 Aduuriu
1257 2416 1298 2500 (Ι.

264 2512 293 2563 1.
310 2497 382 2584 50)=
410 2499 476 2567 Qui
497 2500 542 2558 mi
562 2502 835 2573 auscultabunt,
858 2500 998 2561 facient
1018 2502 1297 2581 obsequentiam.

262 2586 411 2665 Turpilius
439 2585 469 2642 iu
496 2586 641 2664 llpielero:
675 2587 743 2645 Sed
766 2606 903 2664 nequeo
924 2584 1024 2646 ferre
1048 2587 1298 2660 benedictina

261 2689 388 2730 errare
409 2675 444 2728 et
465 2669 653 2749 conqueri,
673 2690 736 2729 nec
758 2690 838 2730 erse
859 2690 944 2731 suae
966 2670 1195 2750 obsequelae.
1222 2673 1298 2732 idem

260 2757 290 2814 in
312 2753 536 2832 Thrasyleoute:
566 2756 674 2821 Quum
702 2754 845 2815 intereo
874 2754 968 2815 nibil
995 2755 1182 2835 quidquam
1210 2777 1298 2816 orne
1375 2822 1380 2832 ‚

261 2845 317 2901 ert
345 2838 509 2919 praemii,
545 2856 658 2918 aeque
691 2847 770 2898 erat
797 2847 886 2898 'tuae
913 2840 1159 2922 benignitatis
1189 2849 1298 2921 atque

261 2923 487 3004 obsequelae.
508 2955 551 2966 —
576 2922 709 2983 Afranius
730 2924 758 2982 in
780 2923 933 3005 Priviguor

312 3014 434 3104 Quam
458 3015 550 3096 mihi
574 3026 622 3095 sit
646 3033 750 3118 grata
775 3017 874 3108 illius
900 3025 1179 3117 obsequentia.“

260 3143 371 3204 illiue.
404 3143 475 3203 cod.
497 3143 614 3222 Guelpb.
636 3143 702 3202 luo.
724 3143 812 3202 Mero.
834 3141 960 3221 ipsius.
981 3175 1024 3190 -
1045 3143 1297 3222 obsequentia.

259 3229 394 3289 Botbius:
424 3226 561 3306 „Ubique
583 3225 671 3306 (apud
691 3223 825 3307 Nonium)
854 3227 959 3308 legitur
981 3227 1189 3308 obsequela,
1216 3230 1296 3308 lapsu

259 3311 408 3393 frequento
428 3311 619 3384 librariorum,
642 3312 677 3370 de
697 3330 753 3390 quo
775 3310 812 3371 cf.
825 3312 921 3371 Plauti
941 3311 1060 3391 interpp.
1083 3313 1119 3372 ad
1130 3312 1210 3372 Asin.
1226 3319 1298 3376 50.“

259 3399 293 3456 ln
314 3399 408 3458 Plauti
429 3398 492 3457 loco
514 3404 544 3457 et
563 3395 673 3456 Afranii
694 3396 870 3456 scribendum
892 3415 956 3456 esse
979 3397 1061 3456 metri
1081 3397 1178 3479 gratia
1198 3398 1297 3457 obse-

260 3484 422 3562 quentia,
458 3500 540 3541 nemo
570 3479 655 3541 focile
682 3481 809 3562 negabit.
861 3480 985 3563 'l'urpilii
1015 3481 1071 3541 loci
1101 3480 1225 3542 fortasse
1256 3481 1299 3542 sie

258 3567 427 3628 restituendi
448 3573 530 3624 sunt:

330 3693 332 3698 -
411 3684 454 3696 -
475 3650 547 3709 Sed
567 3668 704 3728 nequeo
725 3649 836 3722 ltere,
865 3667 988 3710 errare
1008 3651 1097 3710 bunc
1118 3649 1256 3712 diutius

300 3737 344 3796 ut
370 3734 554 3815 conqueri,
584 3751 654 3794 non
680 3754 730 3794 me
751 3738 831 3794 esse
851 3753 938 3794 suae
958 3727 1233 3814 obseque'ntieo.

278 3941 280 3945 ,
301 3904 573 3974 uuum-interea
592 3903 643 3964 nil
664 3903 852 3983 quidquam
873 3905 892 3962 t
912 3921 962 3962 me
983 3909 1040 3963 est
1060 3902 1223 3982 praemis
1242 3905 1298 3962 nt-

890 4006 931 4047 ue
958 3994 1047 4048 tuoe

288 4063 556 4157 'Benignitatis
576 4077 656 4134 erat
676 4079 786 4152 atque
806 4007 1075 4151 obsbqutntiee·

258 4179 377 4240 nomina
398 4175 500 4237 edidit:
