<?xml version="1.0" encoding="UTF-8"?>
<!DOCTYPE html PUBLIC "-//W3C//DTD XHTML 1.0 Transitional//EN"
    "http://www.w3.org/TR/xhtml1/DTD/xhtml1-transitional.dtd">
<html xmlns="http://www.w3.org/1999/xhtml" xml:lang="en" lang="en">
 <head>
  <title>
</title>
<meta http-equiv="Content-Type" content="text/html;charset=utf-8" />
  <meta name='ocr-system' content='tesseract 3.04.00' />
  <meta name='ocr-capabilities' content='ocr_page ocr_carea ocr_par ocr_line ocrx_word'/>
</head>
<body>
  <div class='ocr_page' id='page_1' title='image "./defabulatogatar01neukgoog_0170.png"; bbox 0 0 2932 4842; ppageno 0'>
   <div class='ocr_carea' id='block_1_1' title="bbox 1142 377 1221 456">
    <p class='ocr_par' dir='ltr' id='par_1_1' title="bbox 1142 377 1221 456">
     <span class='ocr_line' id='line_1_1' title="bbox 1142 377 1221 456; baseline 0 0"><span class='ocrx_word' id='word_1_1' title='bbox 1142 377 1221 456; x_wconf 73' lang='lat'><strong>155</strong></span> 
     </span>
    </p>
   </div>
   <div class='ocr_carea' id='block_1_2' title="bbox 173 545 1223 1152">
    <p class='ocr_par' dir='ltr' id='par_1_2' title="bbox 173 545 1223 1152">
     <span class='ocr_line' id='line_1_2' title="bbox 174 545 1223 645; baseline 0.009 -30"><span class='ocrx_word' id='word_1_2' title='bbox 174 546 321 616; x_wconf 87' lang='lat' dir='ltr'><strong>cimnr</strong></span> <span class='ocrx_word' id='word_1_3' title='bbox 346 545 672 639; x_wconf 74' lang='lat' dir='ltr'><strong>interpuugendum</strong></span> <span class='ocrx_word' id='word_1_4' title='bbox 695 549 760 636; x_wconf 87' lang='lat' dir='ltr'><strong>sit,</strong></span> <span class='ocrx_word' id='word_1_5' title='bbox 798 551 1083 645; x_wconf 79' lang='lat' dir='ltr'><strong>trahendumque</strong></span> <span class='ocrx_word' id='word_1_6' title='bbox 1109 550 1223 624; x_wconf 81' lang='lat' dir='ltr'><strong>Atta</strong></span> 
     </span>
     <span class='ocr_line' id='line_1_3' title="bbox 174 646 1221 738; baseline 0.009 -22"><span class='ocrx_word' id='word_1_7' title='bbox 174 649 224 717; x_wconf 90' lang='lat' dir='ltr'><strong>ad</strong></span> <span class='ocrx_word' id='word_1_8' title='bbox 251 649 451 738; x_wconf 70' lang='lat' dir='ltr'><strong>sequentia.</strong></span> <span class='ocrx_word' id='word_1_9' title='bbox 485 646 706 720; x_wconf 76' lang='lat' dir='ltr'><strong>Manifestus</strong></span> <span class='ocrx_word' id='word_1_10' title='bbox 732 657 853 721; x_wconf 89' lang='lat' dir='ltr'><strong>antem</strong></span> <span class='ocrx_word' id='word_1_11' title='bbox 875 674 979 724; x_wconf 86' lang='lat' dir='ltr'><strong>error</strong></span> <span class='ocrx_word' id='word_1_12' title='bbox 1001 664 1056 724; x_wconf 84' lang='lat' dir='ltr'><strong>est</strong></span> <span class='ocrx_word' id='word_1_13' title='bbox 1070 652 1221 725; x_wconf 83' lang='lat' dir='ltr'><strong>Schuet-</strong></span> 
     </span>
     <span class='ocr_line' id='line_1_4' title="bbox 173 741 1220 845; baseline 0.007 -27"><span class='ocrx_word' id='word_1_14' title='bbox 173 750 217 818; x_wconf 87' lang='lat' dir='ltr'><strong>lii</strong></span> <span class='ocrx_word' id='word_1_15' title='bbox 243 749 407 826; x_wconf 79' lang='lat' dir='ltr'>Histoire</span> <span class='ocrx_word' id='word_1_16' title='bbox 433 741 593 844; x_wconf 68' lang='lat' dir='ltr'><strong>abregtle</strong></span> <span class='ocrx_word' id='word_1_17' title='bbox 619 753 664 822; x_wconf 92' lang='lat' dir='ltr'><strong>de</strong></span> <span class='ocrx_word' id='word_1_18' title='bbox 692 753 729 822; x_wconf 88' lang='lat' dir='ltr'><strong>la</strong></span> <span class='ocrx_word' id='word_1_19' title='bbox 748 754 814 824; x_wconf 90' lang='lat' dir='ltr'><strong>litt.</strong></span> <span class='ocrx_word' id='word_1_20' title='bbox 837 751 944 826; x_wconf 84' lang='lat' dir='ltr'><strong>Ronr.</strong></span> <span class='ocrx_word' id='word_1_21' title='bbox 961 755 1008 826; x_wconf 87' lang='grc' dir='ltr'><strong>Τ.</strong></span> <span class='ocrx_word' id='word_1_22' title='bbox 1022 755 1055 826; x_wconf 90' lang='grc' dir='ltr'><strong>Ι.</strong></span> <span class='ocrx_word' id='word_1_23' title='bbox 1074 777 1109 845; x_wconf 91' lang='lat' dir='ltr'><strong>p.</strong></span> <span class='ocrx_word' id='word_1_24' title='bbox 1128 757 1220 828; x_wconf 84' lang='lat'><strong>138:</strong></span> 
     </span>
     <span class='ocr_line' id='line_1_5' title="bbox 175 849 1221 949; baseline 0.006 -28"><span class='ocrx_word' id='word_1_25' title='bbox 175 849 410 942; x_wconf 82' lang='lat' dir='ltr'><strong>„Aulugelle</strong></span> <span class='ocrx_word' id='word_1_26' title='bbox 445 850 507 944; x_wconf 85' lang='lat' dir='ltr'><strong>(N.</strong></span> <span class='ocrx_word' id='word_1_27' title='bbox 541 852 590 924; x_wconf 83' lang='lat' dir='ltr'><strong>A.</strong></span> <span class='ocrx_word' id='word_1_28' title='bbox 612 852 723 924; x_wconf 89' lang='lat' dir='ltr'><strong>Xlll.</strong></span> <span class='ocrx_word' id='word_1_29' title='bbox 746 855 786 949; x_wconf 78' lang='lat'><strong>2)</strong></span> <span class='ocrx_word' id='word_1_30' title='bbox 822 865 992 946; x_wconf 88' lang='lat' dir='ltr'><strong>rapporte</strong></span> <span class='ocrx_word' id='word_1_31' title='bbox 1031 879 1103 927; x_wconf 90' lang='lat' dir='ltr'><strong>une</strong></span> <span class='ocrx_word' id='word_1_32' title='bbox 1131 859 1221 947; x_wconf 87' lang='lat' dir='ltr'><strong>jolie</strong></span> 
     </span>
     <span class='ocr_line' id='line_1_6' title="bbox 173 953 1223 1047; baseline 0.008 -25"><span class='ocrx_word' id='word_1_33' title='bbox 173 953 353 1022; x_wconf 87' lang='lat' dir='ltr'><strong>anecdote</strong></span> <span class='ocrx_word' id='word_1_34' title='bbox 384 975 447 1023; x_wconf 87' lang='lat' dir='ltr'><strong>sur</strong></span> <span class='ocrx_word' id='word_1_35' title='bbox 472 977 543 1023; x_wconf 89' lang='lat' dir='ltr'><strong>unc</strong></span> <span class='ocrx_word' id='word_1_36' title='bbox 569 956 676 1024; x_wconf 88' lang='lat' dir='ltr'><strong>visite</strong></span> <span class='ocrx_word' id='word_1_37' title='bbox 702 978 772 1047; x_wconf 92' lang='lat' dir='ltr'><strong>que</strong></span> <span class='ocrx_word' id='word_1_38' title='bbox 799 956 993 1034; x_wconf 73' lang='lat' dir='ltr'><strong>Quinctius</strong></span> <span class='ocrx_word' id='word_1_39' title='bbox 1019 959 1110 1030; x_wconf 83' lang='lat' dir='ltr'><strong>Atta</strong></span> <span class='ocrx_word' id='word_1_40' title='bbox 1136 961 1176 1030; x_wconf 87' lang='lat' dir='ltr'><strong>fit</strong></span> <span class='ocrx_word' id='word_1_41' title='bbox 1202 963 1223 1030; x_wconf 83' lang='lat' dir='ltr'><strong>&#39;a</strong></span> 
     </span>
     <span class='ocr_line' id='line_1_7' title="bbox 173 1046 1221 1152; baseline 0.004 -27"><span class='ocrx_word' id='word_1_42' title='bbox 173 1051 363 1126; x_wconf 85' lang='lat' dir='ltr'><strong>Pacuvius</strong></span> <span class='ocrx_word' id='word_1_43' title='bbox 400 1046 512 1126; x_wconf 68' lang='lat' dir='ltr'><strong>retice</strong></span> <span class='ocrx_word' id='word_1_44' title='bbox 554 1059 574 1126; x_wconf 84' lang='lat' dir='ltr'><strong>b</strong></span> <span class='ocrx_word' id='word_1_45' title='bbox 614 1055 821 1130; x_wconf 84' lang='lat' dir='ltr'><strong>Tarente.“</strong></span> <span class='ocrx_word' id='word_1_46' title='bbox 871 1057 968 1130; x_wconf 90' lang='lat' dir='ltr'><strong>Nam</strong></span> <span class='ocrx_word' id='word_1_47' title='bbox 1003 1063 1100 1152; x_wconf 91' lang='lat' dir='ltr'><strong>apud</strong></span> <span class='ocrx_word' id='word_1_48' title='bbox 1134 1056 1221 1133; x_wconf 84' lang='lat' dir='ltr'><strong>Gel-</strong></span> 
     </span>
    </p>
   </div>
   <div class='ocr_carea' id='block_1_3' title="bbox 172 1155 1220 1328">
    <p class='ocr_par' dir='ltr' id='par_1_3' title="bbox 172 1155 1220 1328">
     <span class='ocr_line' id='line_1_8' title="bbox 172 1155 1220 1246; baseline 0.006 -20"><span class='ocrx_word' id='word_1_49' title='bbox 172 1156 265 1226; x_wconf 90' lang='lat' dir='ltr'><strong>lium</strong></span> <span class='ocrx_word' id='word_1_50' title='bbox 298 1177 372 1226; x_wconf 92' lang='lat' dir='ltr'><strong>non</strong></span> <span class='ocrx_word' id='word_1_51' title='bbox 404 1157 450 1226; x_wconf 91' lang='lat' dir='ltr'><strong>de</strong></span> <span class='ocrx_word' id='word_1_52' title='bbox 483 1155 656 1234; x_wconf 70' lang='lat' dir='ltr'><strong>Quinctio</strong></span> <span class='ocrx_word' id='word_1_53' title='bbox 692 1159 801 1246; x_wconf 85' lang='lat' dir='ltr'><strong>Atta,</strong></span> <span class='ocrx_word' id='word_1_54' title='bbox 845 1163 910 1232; x_wconf 84' lang='lat' dir='ltr'><strong>sed</strong></span> <span class='ocrx_word' id='word_1_55' title='bbox 951 1163 997 1232; x_wconf 87' lang='lat' dir='ltr'><strong>de</strong></span> <span class='ocrx_word' id='word_1_56' title='bbox 1030 1161 1076 1232; x_wconf 90' lang='lat' dir='ltr'><strong>L.</strong></span> <span class='ocrx_word' id='word_1_57' title='bbox 1117 1163 1220 1232; x_wconf 88' lang='lat' dir='ltr'><strong>Attio</strong></span> 
     </span>
     <span class='ocr_line' id='line_1_9' title="bbox 176 1269 393 1328; baseline -0.009 0"><span class='ocrx_word' id='word_1_58' title='bbox 176 1279 299 1328; x_wconf 85' lang='lat' dir='ltr'><strong>sermo</strong></span> <span class='ocrx_word' id='word_1_59' title='bbox 328 1269 393 1328; x_wconf 86' lang='lat' dir='ltr'><strong>est.</strong></span> 
     </span>
    </p>
   </div>
   <div class='ocr_carea' id='block_1_4' title="bbox 124 1423 1223 4250">
    <p class='ocr_par' dir='ltr' id='par_1_4' title="bbox 124 1423 1223 4250">
     <span class='ocr_line' id='line_1_10' title="bbox 279 1423 1218 1521; baseline 0.006 -27"><span class='ocrx_word' id='word_1_60' title='bbox 279 1423 390 1501; x_wconf 75' lang='lat' dir='ltr'><strong>Quod</strong></span> <span class='ocrx_word' id='word_1_61' title='bbox 417 1427 464 1496; x_wconf 89' lang='lat' dir='ltr'><strong>ad</strong></span> <span class='ocrx_word' id='word_1_62' title='bbox 491 1449 602 1517; x_wconf 90' lang='lat' dir='ltr'><strong>opera</strong></span> <span class='ocrx_word' id='word_1_63' title='bbox 629 1425 790 1506; x_wconf 77' lang='lat' dir='ltr'><strong>Quinctii</strong></span> <span class='ocrx_word' id='word_1_64' title='bbox 814 1428 947 1521; x_wconf 77' lang='lat' dir='ltr'><strong>politae</strong></span> <span class='ocrx_word' id='word_1_65' title='bbox 973 1430 1116 1518; x_wconf 80' lang='lat' dir='ltr'><strong>attinet,</strong></span> <span class='ocrx_word' id='word_1_66' title='bbox 1144 1451 1218 1502; x_wconf 90' lang='lat' dir='ltr'><strong>ma·</strong></span> 
     </span>
     <span class='ocr_line' id='line_1_11' title="bbox 174 1525 1222 1626; baseline 0.003 -29"><span class='ocrx_word' id='word_1_67' title='bbox 174 1525 276 1597; x_wconf 77' lang='lat' dir='ltr'><strong>xime</strong></span> <span class='ocrx_word' id='word_1_68' title='bbox 315 1533 461 1619; x_wconf 89' lang='lat' dir='ltr'><strong>togatae</strong></span> <span class='ocrx_word' id='word_1_69' title='bbox 503 1528 581 1600; x_wconf 87' lang='lat' dir='ltr'><strong>eins</strong></span> <span class='ocrx_word' id='word_1_70' title='bbox 621 1529 772 1622; x_wconf 76' lang='lat' dir='ltr'><strong>gloriam</strong></span> <span class='ocrx_word' id='word_1_71' title='bbox 813 1534 993 1626; x_wconf 88' lang='lat' dir='ltr'><strong>quandam</strong></span> <span class='ocrx_word' id='word_1_72' title='bbox 1032 1543 1222 1604; x_wconf 88' lang='lat' dir='ltr'><strong>assecutae</strong></span> 
     </span>
     <span class='ocr_line' id='line_1_12' title="bbox 176 1629 1221 1726; baseline 0.004 -28"><span class='ocrx_word' id='word_1_73' title='bbox 176 1633 279 1714; x_wconf 86' lang='lat' dir='ltr'><strong>sunt3</strong></span> <span class='ocrx_word' id='word_1_74' title='bbox 315 1629 413 1722; x_wconf 92' lang='lat' dir='ltr'><strong>quod</strong></span> <span class='ocrx_word' id='word_1_75' title='bbox 438 1652 511 1699; x_wconf 89' lang='lat' dir='ltr'><strong>non</strong></span> <span class='ocrx_word' id='word_1_76' title='bbox 537 1638 673 1701; x_wconf 90' lang='lat' dir='ltr'><strong>tantum</strong></span> <span class='ocrx_word' id='word_1_77' title='bbox 701 1631 899 1705; x_wconf 83' lang='lat' dir='ltr'><strong>Diomedes</strong></span> <span class='ocrx_word' id='word_1_78' title='bbox 924 1637 1071 1724; x_wconf 88' lang='lat' dir='ltr'><strong>probat,</strong></span> <span class='ocrx_word' id='word_1_79' title='bbox 1112 1657 1221 1726; x_wconf 73' lang='lat' dir='ltr'><strong>quium</strong></span> 
     </span>
     <span class='ocr_line' id='line_1_13' title="bbox 177 1731 1222 1828; baseline 0.009 -32"><span class='ocrx_word' id='word_1_80' title='bbox 177 1750 262 1797; x_wconf 88' lang='lat' dir='ltr'><strong>enm</strong></span> <span class='ocrx_word' id='word_1_81' title='bbox 287 1731 480 1822; x_wconf 78' lang='lat' dir='ltr'><strong>praecipue</strong></span> <span class='ocrx_word' id='word_1_82' title='bbox 515 1755 597 1802; x_wconf 89' lang='lat' dir='ltr'><strong>cnm</strong></span> <span class='ocrx_word' id='word_1_83' title='bbox 630 1735 786 1804; x_wconf 86' lang='lat' dir='ltr'><strong>Afranio</strong></span> <span class='ocrx_word' id='word_1_84' title='bbox 820 1743 963 1828; x_wconf 90' lang='lat' dir='ltr'><strong>togatas</strong></span> <span class='ocrx_word' id='word_1_85' title='bbox 995 1738 1222 1806; x_wconf 87' lang='lat' dir='ltr'><strong>tabernarias</strong></span> 
     </span>
     <span class='ocr_line' id='line_1_14' title="bbox 124 1830 1221 1929; baseline 0.009 -32"><span class='ocrx_word' id='word_1_86' title='bbox 124 1841 126 1848; x_wconf 81' lang='grc'><em>’</em></span> <span class='ocrx_word' id='word_1_87' title='bbox 176 1830 215 1898; x_wconf 93' lang='lat' dir='ltr'><strong>in</strong></span> <span class='ocrx_word' id='word_1_88' title='bbox 241 1853 409 1901; x_wconf 85' lang='lat' dir='ltr'><strong>scaenam</strong></span> <span class='ocrx_word' id='word_1_89' title='bbox 436 1834 643 1905; x_wconf 86' lang='lat' dir='ltr'><strong>ductavisse</strong></span> <span class='ocrx_word' id='word_1_90' title='bbox 665 1837 768 1924; x_wconf 87' lang='lat' dir='ltr'><strong>dicit,</strong></span> <span class='ocrx_word' id='word_1_91' title='bbox 795 1839 859 1906; x_wconf 89' lang='lat' dir='ltr'><strong>sed</strong></span> <span class='ocrx_word' id='word_1_92' title='bbox 882 1838 961 1928; x_wconf 85' lang='lat' dir='ltr'><strong>ipse</strong></span> <span class='ocrx_word' id='word_1_93' title='bbox 986 1859 1127 1929; x_wconf 88' lang='lat' dir='ltr'><strong>quoque</strong></span> <span class='ocrx_word' id='word_1_94' title='bbox 1145 1837 1221 1907; x_wconf 88' lang='lat' dir='ltr'><strong>Ho-</strong></span> 
     </span>
     <span class='ocr_line' id='line_1_15' title="bbox 175 1931 1222 2030; baseline 0.005 -28"><span class='ocrx_word' id='word_1_95' title='bbox 175 1931 310 2019; x_wconf 78' lang='lat' dir='ltr'><strong>ratius,</strong></span> <span class='ocrx_word' id='word_1_96' title='bbox 337 1935 400 2003; x_wconf 90' lang='lat' dir='ltr'><strong>ubi</strong></span> <span class='ocrx_word' id='word_1_97' title='bbox 424 1935 569 2007; x_wconf 82' lang='lat' dir='ltr'><strong>fabulas</strong></span> <span class='ocrx_word' id='word_1_98' title='bbox 597 1938 675 2008; x_wconf 92' lang='lat' dir='ltr'><strong>eius</strong></span> <span class='ocrx_word' id='word_1_99' title='bbox 700 1938 949 2029; x_wconf 85' lang='lat' dir='ltr'><strong>reprehendit,</strong></span> <span class='ocrx_word' id='word_1_100' title='bbox 978 1940 1119 2030; x_wconf 85' lang='lat' dir='ltr'><strong>vulgari</strong></span> <span class='ocrx_word' id='word_1_101' title='bbox 1146 1939 1222 2028; x_wconf 88' lang='lat' dir='ltr'><strong>opi·</strong></span> 
     </span>
     <span class='ocr_line' id='line_1_16' title="bbox 176 2033 1220 2130; baseline 0.005 -27"><span class='ocrx_word' id='word_1_102' title='bbox 176 2033 278 2103; x_wconf 93' lang='lat' dir='ltr'><strong>nioni</strong></span> <span class='ocrx_word' id='word_1_103' title='bbox 305 2037 516 2108; x_wconf 88' lang='lat' dir='ltr'><strong>adversans.</strong></span> <span class='ocrx_word' id='word_1_104' title='bbox 567 2038 629 2108; x_wconf 91' lang='lat' dir='ltr'><strong>Ad</strong></span> <span class='ocrx_word' id='word_1_105' title='bbox 648 2062 780 2109; x_wconf 93' lang='lat' dir='ltr'><strong>nomen</strong></span> <span class='ocrx_word' id='word_1_106' title='bbox 802 2040 915 2110; x_wconf 86' lang='lat' dir='ltr'><strong>Attae</strong></span> <span class='ocrx_word' id='word_1_107' title='bbox 942 2041 1108 2110; x_wconf 75' lang='lat' dir='ltr'><strong>allusisse</strong></span> <span class='ocrx_word' id='word_1_108' title='bbox 1133 2047 1220 2130; x_wconf 87' lang='lat' dir='ltr'><strong>puto</strong></span> 
     </span>
     <span class='ocr_line' id='line_1_17' title="bbox 177 2133 1221 2234; baseline 0.007 -29"><span class='ocrx_word' id='word_1_109' title='bbox 177 2133 370 2208; x_wconf 85' lang='lat' dir='ltr'><strong>Horatium</strong></span> <span class='ocrx_word' id='word_1_110' title='bbox 403 2149 612 2230; x_wconf 87' lang='lat' dir='ltr'><strong>propterea,</strong></span> <span class='ocrx_word' id='word_1_111' title='bbox 655 2143 751 2234; x_wconf 87' lang='lat' dir='ltr'><strong>quod</strong></span> <span class='ocrx_word' id='word_1_112' title='bbox 776 2165 905 2213; x_wconf 88' lang='lat' dir='ltr'><strong>versus</strong></span> <span class='ocrx_word' id='word_1_113' title='bbox 939 2142 1017 2212; x_wconf 91' lang='lat' dir='ltr'><strong>eius</strong></span> <span class='ocrx_word' id='word_1_114' title='bbox 1043 2143 1221 2212; x_wconf 85' lang='lat' dir='ltr'><strong>claudica-</strong></span> 
     </span>
     <span class='ocr_line' id='line_1_18' title="bbox 178 2236 1220 2337; baseline 0.007 -32"><span class='ocrx_word' id='word_1_115' title='bbox 178 2239 308 2310; x_wconf 86' lang='lat' dir='ltr'><strong>verint.</strong></span> <span class='ocrx_word' id='word_1_116' title='bbox 355 2236 412 2311; x_wconf 83' lang='lat' dir='ltr'><strong>Cf.</strong></span> <span class='ocrx_word' id='word_1_117' title='bbox 446 2239 711 2334; x_wconf 86' lang='lat' dir='ltr'><strong>Megalensium</strong></span> <span class='ocrx_word' id='word_1_118' title='bbox 745 2244 876 2337; x_wconf 83' lang='lat' dir='ltr'><strong>fragm.</strong></span> <span class='ocrx_word' id='word_1_119' title='bbox 935 2244 1071 2316; x_wconf 82' lang='lat' dir='ltr'><strong>Fronto</strong></span> <span class='ocrx_word' id='word_1_120' title='bbox 1104 2243 1220 2335; x_wconf 80' lang='lat' dir='ltr'><strong>Epist.</strong></span> 
     </span>
     <span class='ocr_line' id='line_1_19' title="bbox 177 2335 1221 2432; baseline 0.005 -24"><span class='ocrx_word' id='word_1_121' title='bbox 177 2335 247 2409; x_wconf 82' lang='lat' dir='ltr'><strong>IV.</strong></span> <span class='ocrx_word' id='word_1_122' title='bbox 275 2341 309 2412; x_wconf 88' lang='grc'><strong>3.</strong></span> <span class='ocrx_word' id='word_1_123' title='bbox 344 2362 379 2432; x_wconf 94' lang='lat' dir='ltr'><strong>p.</strong></span> <span class='ocrx_word' id='word_1_124' title='bbox 395 2341 444 2413; x_wconf 83' lang='lat'><strong>95</strong></span> <span class='ocrx_word' id='word_1_125' title='bbox 472 2346 528 2414; x_wconf 92' lang='lat' dir='ltr'><strong>ed.</strong></span> <span class='ocrx_word' id='word_1_126' title='bbox 556 2343 645 2416; x_wconf 87' lang='lat' dir='ltr'><strong>Mai.</strong></span> <span class='ocrx_word' id='word_1_127' title='bbox 679 2345 805 2417; x_wconf 77' lang='lat' dir='ltr'><strong>Atiam</strong></span> <span class='ocrx_word' id='word_1_128' title='bbox 831 2346 868 2415; x_wconf 93' lang='lat' dir='ltr'><strong>in</strong></span> <span class='ocrx_word' id='word_1_129' title='bbox 893 2346 1015 2416; x_wconf 81' lang='lat' dir='ltr'><strong>verbis</strong></span> <span class='ocrx_word' id='word_1_130' title='bbox 1040 2343 1221 2417; x_wconf 85' lang='lat' dir='ltr'><strong>muliebri-</strong></span> 
     </span>
     <span class='ocr_line' id='line_1_20' title="bbox 177 2440 1222 2536; baseline 0.006 -27"><span class='ocrx_word' id='word_1_131' title='bbox 177 2440 247 2510; x_wconf 88' lang='lat' dir='ltr'><strong>bus</strong></span> <span class='ocrx_word' id='word_1_132' title='bbox 264 2443 465 2536; x_wconf 80' lang='lat' dir='ltr'><strong>elegantem</strong></span> <span class='ocrx_word' id='word_1_133' title='bbox 481 2446 576 2518; x_wconf 88' lang='lat' dir='ltr'><strong>dicit.</strong></span> <span class='ocrx_word' id='word_1_134' title='bbox 629 2443 831 2518; x_wconf 80' lang='lat' dir='ltr'><strong>Euanthius</strong></span> <span class='ocrx_word' id='word_1_135' title='bbox 857 2449 894 2517; x_wconf 89' lang='lat' dir='ltr'><strong>in</strong></span> <span class='ocrx_word' id='word_1_136' title='bbox 920 2447 1222 2519; x_wconf 85' lang='lat' dir='ltr'><strong>commentatione</strong></span> 
     </span>
     <span class='ocr_line' id='line_1_21' title="bbox 178 2541 1222 2642; baseline 0.007 -31"><span class='ocrx_word' id='word_1_137' title='bbox 178 2543 226 2611; x_wconf 87' lang='lat' dir='ltr'><strong>dc</strong></span> <span class='ocrx_word' id='word_1_138' title='bbox 250 2541 392 2614; x_wconf 86' lang='lat' dir='ltr'><strong>Fabula</strong></span> <span class='ocrx_word' id='word_1_139' title='bbox 418 2567 499 2616; x_wconf 86' lang='lat' dir='ltr'><strong>curn</strong></span> <span class='ocrx_word' id='word_1_140' title='bbox 526 2571 694 2642; x_wconf 87' lang='lat' dir='ltr'><strong>magnum</strong></span> <span class='ocrx_word' id='word_1_141' title='bbox 722 2551 898 2620; x_wconf 93' lang='lat' dir='ltr'><strong>comicum</strong></span> <span class='ocrx_word' id='word_1_142' title='bbox 925 2551 1101 2641; x_wconf 84' lang='lat' dir='ltr'><strong>appellat3</strong></span> <span class='ocrx_word' id='word_1_143' title='bbox 1133 2571 1222 2618; x_wconf 77' lang='lat' dir='ltr'><strong>rion-</strong></span> 
     </span>
     <span class='ocr_line' id='line_1_22' title="bbox 177 2643 1220 2741; baseline 0.009 -29"><span class='ocrx_word' id='word_1_144' title='bbox 177 2643 279 2714; x_wconf 93' lang='lat' dir='ltr'><strong>nulla</strong></span> <span class='ocrx_word' id='word_1_145' title='bbox 311 2655 431 2717; x_wconf 89' lang='lat' dir='ltr'><strong>tamen</strong></span> <span class='ocrx_word' id='word_1_146' title='bbox 463 2649 500 2718; x_wconf 89' lang='lat' dir='ltr'><strong>in</strong></span> <span class='ocrx_word' id='word_1_147' title='bbox 534 2673 600 2738; x_wconf 92' lang='lat' dir='ltr'><strong>eo,</strong></span> <span class='ocrx_word' id='word_1_148' title='bbox 650 2652 743 2722; x_wconf 88' lang='lat' dir='ltr'><strong>sicut</strong></span> <span class='ocrx_word' id='word_1_149' title='bbox 782 2654 819 2721; x_wconf 92' lang='lat' dir='ltr'><strong>in</strong></span> <span class='ocrx_word' id='word_1_150' title='bbox 860 2653 958 2739; x_wconf 87' lang='lat' dir='ltr'><strong>aliis,</strong></span> <span class='ocrx_word' id='word_1_151' title='bbox 997 2653 1220 2741; x_wconf 89' lang='lat' dir='ltr'><strong>vituperans.</strong></span> 
     </span>
     <span class='ocr_line' id='line_1_23' title="bbox 178 2745 1221 2848; baseline 0.008 -34"><span class='ocrx_word' id='word_1_152' title='bbox 178 2745 354 2835; x_wconf 83' lang='lat' dir='ltr'><strong>‚‚lllnd,“</strong></span> <span class='ocrx_word' id='word_1_153' title='bbox 379 2750 513 2843; x_wconf 88' lang='lat' dir='ltr'><strong>inquit,</strong></span> <span class='ocrx_word' id='word_1_154' title='bbox 539 2760 626 2838; x_wconf 91' lang='lat' dir='ltr'><strong>„est</strong></span> <span class='ocrx_word' id='word_1_155' title='bbox 647 2753 914 2840; x_wconf 86' lang='lat' dir='ltr'><strong>admirandum,</strong></span> <span class='ocrx_word' id='word_1_156' title='bbox 942 2754 1038 2848; x_wconf 88' lang='lat' dir='ltr'><strong>quod</strong></span> <span class='ocrx_word' id='word_1_157' title='bbox 1065 2751 1221 2847; x_wconf 80' lang='lat' dir='ltr'><strong>(Teren-</strong></span> 
     </span>
     <span class='ocr_line' id='line_1_24' title="bbox 177 2846 1220 2946; baseline 0.007 -29"><span class='ocrx_word' id='word_1_158' title='bbox 177 2846 267 2946; x_wconf 72' lang='lat' dir='ltr'><strong>tius)</strong></span> <span class='ocrx_word' id='word_1_159' title='bbox 294 2857 330 2920; x_wconf 91' lang='lat' dir='ltr'><strong>et</strong></span> <span class='ocrx_word' id='word_1_160' title='bbox 354 2873 491 2922; x_wconf 91' lang='lat' dir='ltr'><strong>morem</strong></span> <span class='ocrx_word' id='word_1_161' title='bbox 518 2856 683 2942; x_wconf 87' lang='lat' dir='ltr'><strong>retinnit,</strong></span> <span class='ocrx_word' id='word_1_162' title='bbox 719 2863 760 2927; x_wconf 91' lang='lat' dir='ltr'><strong>ut</strong></span> <span class='ocrx_word' id='word_1_163' title='bbox 785 2857 1009 2927; x_wconf 89' lang='lat' dir='ltr'><strong>comoediam</strong></span> <span class='ocrx_word' id='word_1_164' title='bbox 1034 2855 1220 2942; x_wconf 86' lang='lat' dir='ltr'><strong>scriberet,</strong></span> 
     </span>
     <span class='ocr_line' id='line_1_25' title="bbox 178 2955 1221 3050; baseline 0.006 -32"><span class='ocrx_word' id='word_1_165' title='bbox 178 2956 454 3042; x_wconf 82' lang='lat' dir='ltr'><strong>attemperavit</strong></span> <span class='ocrx_word' id='word_1_166' title='bbox 480 2955 664 3045; x_wconf 82' lang='lat' dir='ltr'><strong>allectum,</strong></span> <span class='ocrx_word' id='word_1_167' title='bbox 701 2980 747 3028; x_wconf 92' lang='lat' dir='ltr'><strong>ne</strong></span> <span class='ocrx_word' id='word_1_168' title='bbox 779 2958 817 3028; x_wconf 91' lang='lat' dir='ltr'><strong>in</strong></span> <span class='ocrx_word' id='word_1_169' title='bbox 843 2959 1068 3050; x_wconf 85' lang='lat' dir='ltr'><strong>tragoediam</strong></span> <span class='ocrx_word' id='word_1_170' title='bbox 1092 2957 1221 3026; x_wconf 69' lang='lat' dir='ltr'><strong>mansi·</strong></span> 
     </span>
     <span class='ocr_line' id='line_1_26' title="bbox 178 3051 1223 3132; baseline 0.007 -12"><span class='ocrx_word' id='word_1_171' title='bbox 178 3051 272 3123; x_wconf 89' lang='lat' dir='ltr'><strong>liret.</strong></span> <span class='ocrx_word' id='word_1_172' title='bbox 325 3055 437 3132; x_wconf 71' lang='lat' dir='ltr'><strong>Quod</strong></span> <span class='ocrx_word' id='word_1_173' title='bbox 458 3079 539 3128; x_wconf 90' lang='lat' dir='ltr'><strong>eum</strong></span> <span class='ocrx_word' id='word_1_174' title='bbox 566 3060 647 3130; x_wconf 90' lang='lat' dir='ltr'><strong>aliis</strong></span> <span class='ocrx_word' id='word_1_175' title='bbox 673 3061 784 3132; x_wconf 86' lang='lat' dir='ltr'><strong>rebus</strong></span> <span class='ocrx_word' id='word_1_176' title='bbox 808 3061 953 3130; x_wconf 90' lang='lat' dir='ltr'><strong>minime</strong></span> <span class='ocrx_word' id='word_1_177' title='bbox 980 3061 1165 3130; x_wconf 89' lang='lat' dir='ltr'><strong>obtentum</strong></span> <span class='ocrx_word' id='word_1_178' title='bbox 1186 3063 1223 3128; x_wconf 88' lang='lat' dir='ltr'><strong>ct</strong></span> 
     </span>
     <span class='ocr_line' id='line_1_27' title="bbox 179 3150 1222 3233; baseline 0.005 -11"><span class='ocrx_word' id='word_1_179' title='bbox 179 3175 202 3222; x_wconf 88' lang='lat' dir='ltr'><strong>a</strong></span> <span class='ocrx_word' id='word_1_180' title='bbox 226 3150 359 3233; x_wconf 87' lang='lat' dir='ltr'><strong>Plauto</strong></span> <span class='ocrx_word' id='word_1_181' title='bbox 394 3165 430 3227; x_wconf 86' lang='lat' dir='ltr'><strong>et</strong></span> <span class='ocrx_word' id='word_1_182' title='bbox 462 3161 508 3230; x_wconf 74' lang='lat' dir='ltr'><strong>arb</strong></span> <span class='ocrx_word' id='word_1_183' title='bbox 540 3160 697 3232; x_wconf 83' lang='lat' dir='ltr'><strong>Afranio</strong></span> <span class='ocrx_word' id='word_1_184' title='bbox 732 3170 768 3232; x_wconf 90' lang='lat' dir='ltr'><strong>et</strong></span> <span class='ocrx_word' id='word_1_185' title='bbox 799 3162 890 3232; x_wconf 86' lang='lat' dir='ltr'><strong>Atta</strong></span> <span class='ocrx_word' id='word_1_186' title='bbox 922 3169 958 3231; x_wconf 92' lang='lat' dir='ltr'><strong>et</strong></span> <span class='ocrx_word' id='word_1_187' title='bbox 990 3161 1111 3230; x_wconf 89' lang='lat' dir='ltr'><strong>multis</strong></span> <span class='ocrx_word' id='word_1_188' title='bbox 1142 3160 1222 3230; x_wconf 86' lang='lat' dir='ltr'><strong>fere</strong></span> 
     </span>
     <span class='ocr_line' id='line_1_28' title="bbox 177 3259 1220 3351; baseline 0.007 -27"><span class='ocrx_word' id='word_1_189' title='bbox 177 3260 320 3347; x_wconf 84' lang='lat' dir='ltr'><strong>magnis</strong></span> <span class='ocrx_word' id='word_1_190' title='bbox 346 3259 494 3331; x_wconf 88' lang='lat' dir='ltr'><strong>comicis</strong></span> <span class='ocrx_word' id='word_1_191' title='bbox 519 3262 760 3334; x_wconf 78' lang='lat' dir='ltr'><strong>invenimus‘·</strong></span> <span class='ocrx_word' id='word_1_192' title='bbox 811 3264 875 3335; x_wconf 89' lang='lat' dir='ltr'><strong>Sic</strong></span> <span class='ocrx_word' id='word_1_193' title='bbox 900 3264 993 3333; x_wconf 92' lang='lat' dir='ltr'><strong>enim</strong></span> <span class='ocrx_word' id='word_1_194' title='bbox 1017 3263 1220 3351; x_wconf 84' lang='lat' dir='ltr'><strong>legendum.</strong></span> 
     </span>
     <span class='ocr_line' id='line_1_29' title="bbox 178 3353 1221 3455; baseline 0.006 -29"><span class='ocrx_word' id='word_1_195' title='bbox 178 3353 301 3450; x_wconf 81' lang='lat' dir='ltr'><strong>Vulgo</strong></span> <span class='ocrx_word' id='word_1_196' title='bbox 328 3382 393 3450; x_wconf 88' lang='lat' dir='ltr'><strong>pro</strong></span> <span class='ocrx_word' id='word_1_197' title='bbox 421 3362 530 3434; x_wconf 87' lang='lat' dir='ltr'><strong>Atta</strong></span> <span class='ocrx_word' id='word_1_198' title='bbox 565 3366 756 3436; x_wconf 83' lang='lat' dir='ltr'><strong>exhibetur</strong></span> <span class='ocrx_word' id='word_1_199' title='bbox 780 3364 943 3450; x_wconf 82' lang='lat' dir='ltr'><strong>Accio,</strong></span> <span class='ocrx_word' id='word_1_200' title='bbox 983 3365 1098 3455; x_wconf 87' lang='lat' dir='ltr'><strong>qnod,</strong></span> <span class='ocrx_word' id='word_1_201' title='bbox 1137 3363 1221 3454; x_wconf 90' lang='lat' dir='ltr'><strong>quia</strong></span> 
     </span>
     <span class='ocr_line' id='line_1_30' title="bbox 178 3457 1219 3557; baseline 0.005 -30"><span class='ocrx_word' id='word_1_202' title='bbox 178 3457 302 3530; x_wconf 77' lang='lat' dir='ltr'><strong>Attius</strong></span> <span class='ocrx_word' id='word_1_203' title='bbox 336 3464 371 3530; x_wconf 91' lang='lat' dir='ltr'><strong>in</strong></span> <span class='ocrx_word' id='word_1_204' title='bbox 404 3468 601 3557; x_wconf 87' lang='lat' dir='ltr'><strong>tragoediis</strong></span> <span class='ocrx_word' id='word_1_205' title='bbox 634 3474 771 3537; x_wconf 90' lang='lat' dir='ltr'><strong>tantum</strong></span> <span class='ocrx_word' id='word_1_206' title='bbox 804 3467 1003 3538; x_wconf 87' lang='lat' dir='ltr'><strong>scribendis</strong></span> <span class='ocrx_word' id='word_1_207' title='bbox 1037 3464 1219 3552; x_wconf 85' lang='lat' dir='ltr'><strong>excelluit,</strong></span> 
     </span>
     <span class='ocr_line' id='line_1_31' title="bbox 176 3560 1222 3656; baseline 0.004 -26"><span class='ocrx_word' id='word_1_208' title='bbox 176 3560 281 3638; x_wconf 76' lang='lat' dir='ltr'><strong>ferri,</strong></span> <span class='ocrx_word' id='word_1_209' title='bbox 299 3586 371 3633; x_wconf 90' lang='lat' dir='ltr'><strong>non</strong></span> <span class='ocrx_word' id='word_1_210' title='bbox 404 3574 533 3656; x_wconf 89' lang='lat' dir='ltr'><strong>potest.</strong></span> <span class='ocrx_word' id='word_1_211' title='bbox 598 3568 810 3642; x_wconf 89' lang='lat' dir='ltr'><strong>Auctoritas</strong></span> <span class='ocrx_word' id='word_1_212' title='bbox 843 3578 964 3638; x_wconf 86' lang='lat' dir='ltr'><strong>tamen</strong></span> <span class='ocrx_word' id='word_1_213' title='bbox 997 3567 1108 3636; x_wconf 82' lang='lat' dir='ltr'><strong>Attae</strong></span> <span class='ocrx_word' id='word_1_214' title='bbox 1148 3589 1222 3635; x_wconf 92' lang='lat' dir='ltr'><strong>non</strong></span> 
     </span>
     <span class='ocr_line' id='line_1_32' title="bbox 177 3661 1221 3761; baseline 0.007 -31"><span class='ocrx_word' id='word_1_215' title='bbox 177 3661 230 3732; x_wconf 88' lang='lat' dir='ltr'><strong>ita</strong></span> <span class='ocrx_word' id='word_1_216' title='bbox 261 3687 372 3756; x_wconf 88' lang='lat' dir='ltr'><strong>saepe</strong></span> <span class='ocrx_word' id='word_1_217' title='bbox 406 3689 429 3736; x_wconf 89' lang='lat' dir='ltr'><strong>a</strong></span> <span class='ocrx_word' id='word_1_218' title='bbox 463 3670 704 3761; x_wconf 88' lang='lat' dir='ltr'><strong>grammaticis</strong></span> <span class='ocrx_word' id='word_1_219' title='bbox 732 3672 878 3744; x_wconf 85' lang='lat' dir='ltr'><strong>nitatur.</strong></span> <span class='ocrx_word' id='word_1_220' title='bbox 930 3668 1066 3739; x_wconf 86' lang='lat' dir='ltr'><strong>Decem</strong></span> <span class='ocrx_word' id='word_1_221' title='bbox 1103 3668 1221 3738; x_wconf 88' lang='lat' dir='ltr'><strong>adhuc</strong></span> 
     </span>
     <span class='ocr_line' id='line_1_33' title="bbox 179 3768 1221 3866; baseline 0.007 -33"><span class='ocrx_word' id='word_1_222' title='bbox 179 3772 327 3837; x_wconf 86' lang='lat' dir='ltr'><strong>exstant</strong></span> <span class='ocrx_word' id='word_1_223' title='bbox 350 3768 445 3840; x_wconf 89' lang='lat' dir='ltr'><strong>tituli</strong></span> <span class='ocrx_word' id='word_1_224' title='bbox 470 3771 550 3844; x_wconf 87' lang='lat' dir='ltr'><strong>eius</strong></span> <span class='ocrx_word' id='word_1_225' title='bbox 573 3774 798 3858; x_wconf 80' lang='lat' dir='ltr'><strong>fabularum,</strong></span> <span class='ocrx_word' id='word_1_226' title='bbox 838 3794 992 3866; x_wconf 88' lang='lat' dir='ltr'><strong>quarum</strong></span> <span class='ocrx_word' id='word_1_227' title='bbox 1016 3770 1139 3860; x_wconf 87' lang='lat' dir='ltr'><strong>plures</strong></span> <span class='ocrx_word' id='word_1_228' title='bbox 1164 3792 1221 3840; x_wconf 87' lang='lat' dir='ltr'><strong>se·</strong></span> 
     </span>
     <span class='ocr_line' id='line_1_34' title="bbox 177 3870 1222 3962; baseline 0.005 -27"><span class='ocrx_word' id='word_1_229' title='bbox 177 3870 250 3937; x_wconf 90' lang='lat' dir='ltr'><strong>mel</strong></span> <span class='ocrx_word' id='word_1_230' title='bbox 272 3877 410 3940; x_wconf 87' lang='lat' dir='ltr'><strong>tantum</strong></span> <span class='ocrx_word' id='word_1_231' title='bbox 431 3883 768 3945; x_wconf 88' lang='lat' dir='ltr'><strong>commemorantur.</strong></span> <span class='ocrx_word' id='word_1_232' title='bbox 789 3871 966 3944; x_wconf 88' lang='lat' dir='ltr'><strong>-Praeter</strong></span> <span class='ocrx_word' id='word_1_233' title='bbox 990 3880 1133 3962; x_wconf 82' lang='lat' dir='ltr'><strong>togatas</strong></span> <span class='ocrx_word' id='word_1_234' title='bbox 1158 3893 1222 3944; x_wconf 88' lang='lat' dir='ltr'><strong>au·</strong></span> 
     </span>
     <span class='ocr_line' id='line_1_35' title="bbox 178 3971 1223 4069; baseline 0.004 -32"><span class='ocrx_word' id='word_1_235' title='bbox 178 3975 251 4039; x_wconf 92' lang='lat' dir='ltr'><strong>tem</strong></span> <span class='ocrx_word' id='word_1_236' title='bbox 285 3973 544 4066; x_wconf 89' lang='lat' dir='ltr'><strong>epigrammata</strong></span> <span class='ocrx_word' id='word_1_237' title='bbox 575 3998 720 4069; x_wconf 88' lang='lat' dir='ltr'><strong>quoque</strong></span> <span class='ocrx_word' id='word_1_238' title='bbox 753 3983 790 4046; x_wconf 89' lang='lat' dir='ltr'><strong>et</strong></span> <span class='ocrx_word' id='word_1_239' title='bbox 822 3977 954 4046; x_wconf 87' lang='lat' dir='ltr'><strong>satiras</strong></span> <span class='ocrx_word' id='word_1_240' title='bbox 987 3973 1111 4044; x_wconf 86' lang='lat' dir='ltr'><strong>edidit.</strong></span> <span class='ocrx_word' id='word_1_241' title='bbox 1161 3971 1223 4042; x_wconf 82' lang='lat' dir='ltr'><strong>Ex</strong></span> 
     </span>
     <span class='ocr_line' id='line_1_36' title="bbox 179 4071 1220 4168; baseline 0.002 -28"><span class='ocrx_word' id='word_1_242' title='bbox 179 4073 436 4164; x_wconf 88' lang='lat' dir='ltr'><strong>epigrammate</strong></span> <span class='ocrx_word' id='word_1_243' title='bbox 469 4078 583 4148; x_wconf 84' lang='lat' dir='ltr'><strong>Attae</strong></span> <span class='ocrx_word' id='word_1_244' title='bbox 612 4076 756 4149; x_wconf 88' lang='lat' dir='ltr'><strong>Nonius</strong></span> <span class='ocrx_word' id='word_1_245' title='bbox 787 4100 821 4168; x_wconf 93' lang='lat' dir='ltr'><strong>p.</strong></span> <span class='ocrx_word' id='word_1_246' title='bbox 846 4078 921 4151; x_wconf 70' lang='lat'><strong>202</strong></span> <span class='ocrx_word' id='word_1_247' title='bbox 955 4077 1012 4146; x_wconf 88' lang='lat' dir='ltr'><strong>ed.</strong></span> <span class='ocrx_word' id='word_1_248' title='bbox 1037 4071 1153 4146; x_wconf 81' lang='lat' dir='ltr'><strong>Mete.</strong></span> <span class='ocrx_word' id='word_1_249' title='bbox 1185 4095 1220 4142; x_wconf 86' lang='lat' dir='ltr'><strong>v.</strong></span> 
     </span>
     <span class='ocr_line' id='line_1_37' title="bbox 179 4171 786 4250; baseline 0.013 -8"><span class='ocrx_word' id='word_1_250' title='bbox 179 4171 344 4246; x_wconf 83' lang='lat' dir='ltr'><strong>Crines</strong></span> <span class='ocrx_word' id='word_1_251' title='bbox 369 4177 464 4250; x_wconf 87' lang='lat' dir='ltr'><strong>hunc</strong></span> <span class='ocrx_word' id='word_1_252' title='bbox 491 4202 636 4250; x_wconf 83' lang='lat' dir='ltr'><strong>versum</strong></span> <span class='ocrx_word' id='word_1_253' title='bbox 662 4181 786 4250; x_wconf 67' lang='lat' dir='ltr'><strong>afferte</strong></span> 
     </span>
    </p>
   </div>
   <div class='ocr_carea' id='block_1_5' title="bbox 0 0 1475 4842">
    <p class='ocr_par' dir='ltr' id='par_1_5' title="bbox 0 0 1475 4842">
     <span class='ocr_line' id='line_1_38' title="bbox 0 0 1475 4842; baseline 0 0"><span class='ocrx_word' id='word_1_254' title='bbox 0 0 1475 4842; x_wconf 95' lang='lat' dir='ltr'><strong> </strong></span> 
     </span>
    </p>
   </div>
  </div>
 </body>
</html>
