2940 4838
1133 388 1216 464 255

180 564 325 649 (lragmm.
341 566 389 627 lV.
411 565 470 649 V.).
512 564 677 626 Simulaatis
703 584 805 624 momen
832 563 928 626 fabula
954 563 1020 624 inde
1040 562 1151 624 videtum
1171 583 1218 625 ao-

179 653 303 732 cepisse,
337 653 411 730 quod
439 671 536 726 socer,
565 671 647 730 quem
674 650 857 729 pronuntiare
888 649 1011 708 arbitror
1036 647 1139 730 fragm.
1156 651 1217 721 1-11,

178 736 264 796 filiam
286 756 304 796 a
325 738 426 796 marito
448 757 480 798 se
500 737 683 796 abducturum
706 755 770 794 esse
791 735 939 794 simulabat
961 731 1077 815 (fragm.
1095 731 1166 815 vt).

529 1036 873 1096 soboas&

687 1189 708 1246 l.

263 1324 371 1386 Nonius
397 1345 425 1403 p.
445 1331 504 1386 186
526 1322 570 1382 ed.
592 1321 696 1381 Merca
720 1323 908 1393 „Vesoum,
935 1322 1086 1403 minutum,
1117 1321 1217 1382 obscu-
1344 1361 1368 1383 2

177 1428 248 1468 rum.
270 1443 312 1455 —-
332 1407 468 1470 Afranius
489 1410 518 1466 in
540 1406 708 1465 Sororibus:
812 1457 815 1462 .

230 1510 283 1580 At
308 1502 400 1603 paler
426 1516 482 1580 est
506 1508 625 1579 veseis
650 1499 854 1576 imbecillus
879 1497 1059 1576 viribas.“

178 1627 392 1688 imbecillus.
419 1627 495 1685 Veo.
521 1626 542 1684 l.
565 1626 600 1684 ll.
623 1624 691 1683 Par.
723 1623 928 1683 imbecillis.
951 1623 1113 1684 —Paullo
1135 1623 1219 1684 alitor

178 1712 280 1771 Juoius
315 1711 512 1792 Philargyrius
546 1710 582 1769 ad
610 1708 691 1790 Virg.
720 1708 828 1790 Georg.
855 1709 904 1766 lll.
933 1713 1007 1770 175:
1039 1709 1217 1781 „verosa
1331 1747 1333 1750 -

178 1804 293 1856 teneras
326 1804 356 1856 et
383 1797 483 1871 exiles·
531 1795 604 1853 Nam
632 1812 744 1855 vescum
776 1794 849 1872 apud
877 1794 1007 1872 antiquos
1038 1792 1219 1874 significabat

178 1902 300 1941 macrum
322 1889 352 1941 et
372 1881 452 1960 quasi
474 1881 548 1959 quod
570 1899 663 1939 eseam
684 1898 741 1936 non
763 1878 910 1957 reciperet.
954 1877 1088 1937 Afranius
1109 1879 1138 1936 in
1163 1880 1218 1937 So-

178 1967 305 2026 roribus:
344 1967 392 2025 Ab
420 1984 509 2046 puer
537 1972 597 2023 ‘est
627 1983 771 2034 veseus,
809 1962 1012 2023 imbecillus
1042 1963 1217 2025 viribus.“
1276 2027 1279 2034 Ι

179 2051 280 2112 Verior
301 2059 394 2112 autem
415 2050 526 2113 videtur
547 2048 633 2108 Nouii
654 2048 803 2128 scriptura.

675 2217 711 2276 11.

264 2353 410 2413 Charisius
431 2353 466 2412 ll.
514 2393 523 2412 .
550 2359 610 2413 180
637 2371 682 2430 ap.
709 2350 841 2410 Patsob.r
874 2350 1077 2425 „Hilariter
1108 2351 1143 2411 ab
1170 2370 1215 2426 eo,

180 2439 254 2518 quod
276 2447 321 2498 est
341 2373 634 2510 hilarimhilare
661 2442 754 2496 autem
780 2436 815 2495 ab
842 2435 995 2507 hilarus,
1022 2443 1056 2494 ut
1081 2437 1216 2496 Helonius

179 2525 274 2583 Aaron
302 2523 330 2581 in
351 2522 484 2583 Terentii
514 2517 860 2601 stabulantem),
886 2520 935 2579 ubi
957 2520 1127 2580 Terentius:
1160 2522 1216 2580 Hi-

178 2609 256 2672 lare
283 2609 375 2668 hune
401 2626 591 2677 sumamus,
624 2606 729 2684 inquit,
763 2605 859 2664 diem.
902 2606 960 2664 Sed
982 2612 1011 2666 et
1031 2604 1165 2666 Afranius
1182 2607 1215 2666 in

180 2693 347 2753 Sororibusr

229 2792 336 2865 Nune
369 2799 406 2863 te
440 2785 717 2885 obsequentem,
759 2799 865 2884 atque
896 2782 1032 2878 hilare,
1058 2798 1099 2862 ut
1126 2779 1214 2881 dixi,

785 2885 1000 2986 pradbeasss

133 3085 135 3091 Ι
179 3011 332 3091 Perperam
361 3009 391 3070 in
417 3017 537 3089 utroque
564 3009 691 3090 exemplo
720 3010 813 3070 aditur
839 3011 986 3070 hilarem
1006 3015 1066 3088 Tpro
1087 3009 1214 3070 hilare.

117 3161 120 3169 ,
179 3097 325 3157 Bentleius
360 3097 396 3156 ad
426 3095 559 3156 Terentii
589 3097 608 3155 l.
629 3097 664 3167 1.,
698 3097 771 3174 apud
798 3097 871 3154 hune
898 3093 1051 3154 defendens
1080 3095 1214 3168 hilare,

180 3183 254 3261 apud
283 3180 428 3240 Afranium
456 3182 581 3239 scribens
606 3181 770 3240 hilaram:
804 3181 922 3251 „Hodie
943 3178 1051 3258 quidem
1059 3185 1106 3257 ς-ἒξν
1111 3179 1214 3260 iuquit,

179 3266 278 3345 „apud
309 3266 466 3324 charisium
494 3265 643 3342 utrobique
664 3265 767 3323 editum
789 3272 833 3325 est
855 3265 1018 3324 Hilarem.
1052 3264 1110 3322 Sed
1125 3255 1227 3343 'plane

180 3357 280 3409 eontra
301 3350 425 3409 auctoris
446 3350 629 3422 sententiam
651 3349 697 3427 qui
719 3351 788 3409 haee
809 3350 937 3428 exempla
957 3349 1021 3408 ideo
1040 3348 1161 3419 adducit,
1183 3354 1215 3407 ut

179 3435 326 3494 Hilarus
348 3434 413 3493 olim
434 3434 537 3492 dictum
559 3454 623 3492 esse
643 3434 758 3512 probet3
784 3453 841 3492 noa
863 3441 895 3492 ut
914 3433 1067 3503 Hilaris,
1089 3433 1163 3511 quod
1184 3433 1213 3490 in

166 3519 323 3586 'communi
337 3525 394 3576 tum
416 3538 545 3577 sermone
567 3524 658 3577 erat.“
695 3519 832 3578 Similiter
851 3519 969 3577 Bothius
990 3516 1026 3581 od
1047 3516 1156 3577 Afranii
1177 3517 1213 3576 1.ι

179 3603 280 3674 „Libri
295 3603 459 3674 hilarem3
481 3603 537 3662 sed
548 3603 692 3662 Charisius
707 3603 734 3661 id
750 3603 820 3684 agit,
837 3610 870 3662 ut
889 3603 1028 3662 hilarus
1050 3609 1079 3660 et
1099 3602 1215 3662 hilare

179 3707 236 3747 noa
267 3687 357 3746 minus
389 3707 470 3765 quam
499 3687 627 3746 hilaris
659 3695 688 3747 et
715 3686 886 3746 hilariter
915 3686 975 3768 legi
1007 3686 1138 3746 ostendat
1168 3705 1213 3763 ap.

179 3772 347 3852 scriptores:
372 3791 458 3852 quare
479 3771 525 3830 bio
545 3772 719 3830 scribendum
741 3772 922 3830 hilarum.“
951 3772 1047 3829 'lmmo
1070 3770 1214 3829 Charisius
1311 3776 1322 3781 “
1436 3811 1439 3820 ι

179 3863 240 3914 toto
262 3858 315 3915 boo
336 3857 428 3936 capite
450 3856 485 3915 de
506 3857 645 3918 adverbiis
667 3857 745 3938 agit,
767 3864 797 3915 et
817 3856 871 3915 hoe
891 3857 955 3915 loeo
977 3856 1052 3927 dicit,
1075 3855 1213 3934 quomodo

179 3941 351 4000 hilariter
387 3942 528 4002 derivetur
554 3941 589 4001 ab
618 3941 762 4014 hilaris,
801 3940 842 3999 sio
872 3941 987 4000 hilare
1022 3940 1142 4000 derivari
1179 3940 1214 3998 ah

178 4025 332 4096 hilarus,
364 4026 480 4105 eiusque
506 4026 632 4087 adverbii
663 4026 792 4104 exempla
820 4025 908 4104 ponit.
951 4018 1082 4103 Atque,
1104 4031 1134 4082 et
1154 4023 1215 4101 qui·

180 4110 250 4170 dem.
283 4111 401 4170 Plautus
431 4111 554 4171 Mostell.
576 4112 627 4170 lll.
651 4120 677 4171 1.
700 4118 754 4172 18:
788 4109 881 4181 „Dixi
903 4110 995 4169 barole
1015 4129 1098 4178 vero,
1129 4114 1215 4186 atque

179 4195 302 4254 omaia.“
344 4195 500 4256 Terentius
526 4196 652 4256 Huuueh.
675 4195 709 4254 V.
731 4204 759 4258 3.
775 4201 809 4256 6:
841 4195 966 4272 „Pyra
994 4193 1116 4264 ΑιιιιιΙιιι,
1148 4192 1214 4271 quid
