2938 4848
1162 381 1215 460 al

175 565 299 650 ptores
325 541 530 650 complures
549 561 724 651 personas
744 555 783 626 in
795 557 940 629 fabulas
960 545 1217 650 introduxisse,

175 667 217 732 ut
240 660 482 756 speciosiores
498 671 582 731 eas
596 660 802 753 frequentia
825 661 999 732 facerent
1039 659 1220 733 Videntur

174 769 298 852 tumen
335 762 444 833 huius
483 765 597 832 verba
628 763 821 832 referenda
850 783 938 832 essa
971 767 1218 836 tantummodo

177 865 223 933 ud
237 864 466 954 palliatarum
482 859 752 936 comoediarum
767 863 972 954 scriptores.
998 863 1220 956 Fragmenta

176 972 384 1058 togatarum
416 988 490 1036 uon
522 966 573 1036 ita
609 972 693 1036 sunt
723 974 951 1058 comparata,
990 972 1031 1035 ut
1061 967 1147 1038 inde
1172 968 1218 1037 da

175 1089 328 1137 numero
360 1089 597 1158 personarum
629 1068 915 1137 introductarum
939 1074 1039 1138 oerto
1066 1069 1219 1139 indicari

171 1167 303 1260 possit.
355 1167 541 1247 anemius
579 1168 658 1240 sive
696 1167 890 1268 Arrlularia
927 1191 1000 1238 non
1040 1175 1219 1262 repugnat

176 1269 333 1341 Aseomi
358 1271 575 1342 testimonio.
933 1359 938 1367 .
1094 1359 1099 1366 ι

279 1370 425 1443 Saltare
464 1379 610 1465 togatas
651 1371 763 1442 tradit
800 1368 943 1441 Plinius
956 1367 1023 1466 ²⁰⁵)
1063 1371 1218 1462 primum

175 1472 375 1544 instituisse
401 1473 705 1565 Stephanionem,
742 1471 801 1564 qui
834 1473 996 1566 utrisque
1022 1474 1218 1544 saeeulari·

177 1577 246 1646 bus
272 1575 367 1646 ludis
391 1576 591 1665 saltaverit,
618 1582 655 1646 et
680 1574 755 1644 divi
769 1575 930 1666 Augusti
952 1584 989 1646 et
1003 1595 1094 1668 quos
1109 1572 1217 1646 Clau·

177 1677 260 1747 dius
287 1674 425 1748 Caesar
451 1679 641 1748 consulatu
666 1699 733 1774 suo
760 1685 888 1772 quarto
912 1677 1012 1749 feeit
1053 1676 1144 1748 lude
1160 1665 1219 1750 hie
1251 1698 1254 1706 ’

177 1777 379 1869 Stephauio
406 1781 502 1870 apud
527 1778 743 1851 Suetonium
756 1777 824 1871 ²⁰⁶)
852 1778 984 1867 dieitur
1006 1780 1218 1872 togaturius.

176 1879 238 1950 Ita
282 1881 425 1973 quidem
465 1878 576 1951 Plinii
617 1891 654 1950 et
693 1879 860 1950 Suetonii
901 1881 1003 1950 loeos
1033 1869 1217 1974 'inteNigo,

176 1987 394 2075 quamquam
426 1984 523 2074 apud
549 1983 656 2053 illum
688 1980 799 2053 haud
819 1984 1062 2078 neeessariam
1086 1991 1218 2075 putans

175 2083 358 2154 llarduini
393 2085 679 2156 emendationem
712 2091 895 2175 togatas
926 2106 993 2174 pro
1020 2092 1217 2176 togatus.

169 2183 273 2257 Nam
299 2187 361 2281 qui
386 2193 530 2287 togatas
556 2186 675 2272 saltat,
702 2186 908 2256 necessario
938 2187 1046 2260 etiam
1071 2194 1218 2278 togatus

177 2289 297 2358 saltat.
355 2284 397 2357 (Ι.
431 2276 470 2358 J.
503 2284 707 2380 Grysarius
729 2286 796 2382 ²⁰⁷)
837 2294 957 2358 autem
997 2289 1218 2381 togatarium

176 2395 279 2481 putat
296 2411 378 2460 esse
393 2397 598 2481 togatarum
612 2396 783 2478 actorem,
805 2390 1105 2482 seribendumque
1121 2391 1218 2482 apud

177 2489 336 2561 Plinium
362 2491 624 2582 togatarius
640 2513 706 2582 pro
728 2497 933 2583 togatus,
958 2499 998 2560 ut
1015 2489 1216 2583 Stephanio

176 2593 323 2685 proprie
346 2593 458 2664 fuerit
482 2599 688 2686 togatarum
713 2600 826 2680 autor,
853 2593 951 2686 qui
939 2615 977 2663 ιιι
1002 2593 1112 2664 mimo
1129 2615 1218 2687 quo-

176 2716 248 2788 que
281 2694 479 2766 saltaverit.
537 2694 676 2767 Verum
707 2703 960 2787 praeterquam
990 2697 1088 2787 quod
1124 2693 1218 2766 haee

178 2797 300 2889 opinio
320 2797 553 2867 mutationem
569 2797 811 2868 neeessariam
826 2797 955 2885 reddit,
982 2798 1079 2890 quod
1094 2783 1216 2919 paullo
1318 2860 1322 2869 .

178 2906 262 2968 aute
289 2897 530 2994 ostendimus,
558 2897 603 2968 ub
629 2899 757 2970 iisdem
783 2895 1028 2986 histrionibus,
1054 2900 1115 2992 qui
1140 2898 1216 2990 pal·

177 3000 284 3070 liatas
310 3007 477 3092 agerent,
517 3007 660 3092 togatas
686 3021 828 3094 quoque
854 3008 953 3070 aetas
980 3023 1080 3087 esse,
1120 3000 1218 3093 quod

179 3102 324 3172 omnino
363 3102 551 3192 probabile
582 3123 655 3172 nou
688 3110 760 3190 est,
799 3101 933 3189 fuisse,
977 3102 1037 3194 qui
1073 3107 1216 3196 togatas

178 3204 277 3274 solas
303 3209 464 3296 agerent,
491 3203 599 3274 etiarn
625 3223 672 3273 ex
688 3201 799 3274 Plinii
824 3204 905 3274 loeo
931 3203 1080 3272 laudato
1106 3220 1216 3295 appa·

177 3312 244 3393 ret,
270 3304 552 3397 Stephanionem
577 3327 652 3376 non
676 3307 791 3377 fuisse
817 3312 976 3378 autorem
997 3305 1216 3394 fabularum,

179 3407 244 3478 sed
268 3408 489 3479 saltatorem.
664 3506 725 3579 IX

279 3642 438 3721 Quando
474 3627 621 3714 fabulae
648 3651 794 3737 togatae
820 3642 931 3714 scribi
956 3648 1107 3735 coeptae
1133 3621 1216 3731 sint,

178 3767 250 3814 uon
283 3753 381 3816 certo
418 3753 570 3852 constat.
622 3743 760 3817 Donati
786 3745 912 3825 loeus
907 3743 994 3843 2⁰⁸):
1028 3742 1216 3834 „Comoe-

263 3943 808 4028 205JH.N.V11.4ssubfin.-
842 3945 916 4028 206)
943 3946 1040 4008 llatae.
1061 3946 1152 4006 xbv.
1173 3979 1217 3992 —-

180 4028 255 4114 207)
277 4031 372 4092 aanor
399 4033 453 4091 dan
487 4032 617 4091 Zostand
654 4034 705 4092 der
736 4033 835 4094 linem.
863 4031 1022 4110 Buehne'
1014 4051 1050 4090 rm
1077 4031 1218 4092 zeitolter

178 4113 228 4176 des
256 4116 367 4188 Cicero,
393 4116 422 4174 iu
450 4116 536 4216 ΛΙΙ5.·
556 4117 704 4238 Soholrtg.
731 4137 758 4176 a.
792 4101 898 4180 laur
892 4118 936 4177 ΙΙ.
956 4123 1009 4178 46.
1037 4137 1065 4196 ιι.
1057 4123 1154 4179 3.61.
1173 4145 1218 4163 -·

176 4198 254 4284 tos)
276 4202 312 4261 de
333 4200 519 4263 Comoedia.
909 4251 912 4260 .
