2932 4842
1124 367 1205 448 tou

662 547 703 612 lX

246 649 392 712 Charisius
407 652 442 712 ll.
458 672 486 732 p.
501 653 562 714 185
577 671 624 731 ap.
637 650 772 711 Putsch.:
799 648 940 722 „Noctu
962 646 1102 726 diuque.
1143 647 1207 709 Sal-

161 735 263 795 lnstins
284 736 463 796 historiarum
485 737 625 796 secundos
658 735 777 795 Noctu
806 734 938 813 diuque
966 732 1150 793 stationes
1172 739 1208 794 et

159 819 317 902 vigilias
348 828 502 882 tentare.
553 822 592 881 nt
613 839 682 883 vero
704 817 833 879 Titinius
853 819 883 878 in
904 818 1059 878 Barathro:
1090 817 1206 878 Noctu

160 905 296 984 diuque
326 906 376 966 ait.
424 904 549 967 Naeuius
581 905 609 965 in
637 905 875 965 Acontizomeno:
909 901 1069 982 Sulpicii
1100 910 1207 962 noctu

160 989 394 1050 interfecit“
445 992 587 1071 Apparet,
618 1009 675 1049 non
701 988 793 1049 titisse
822 989 896 1068 apud
924 987 1063 1048 Titinium
1091 987 1207 1050 Noctu

164 1075 307 1153 diuque.
350 1076 518 1158 [regendum
540 1074 677 1136 arbitrere

212 1157 290 1232 ltin
313 1169 506 1256 noctuque.
532 1202 583 1213 —

667 1309 728 1380 x„
754 1268 757 1273 .

250 1413 395 1473 Charisius
417 1413 453 1472 ll.
475 1435 503 1494 p.
519 1420 580 1477 212
604 1433 650 1494 ap.
671 1411 804 1474 Putsch.=
837 1409 1094 1492 „Praepositioucs
1120 1411 1207 1474 iuter-

162 1497 227 1564 ‹lum
260 1499 371 1558 ultimas
401 1499 512 1558 litteras
542 1499 704 1570 immutant,
738 1505 768 1558 et
793 1497 950 1558 iunctorum
977 1497 1030 1556 sihi
1058 1498 1208 1559 verborum

161 1584 267 1663 primas
289 1585 454 1655 adsumunt,
482 1590 627 1665 utapro
649 1584 705 1656 ah,
737 1591 769 1642 ut
795 1582 926 1644 avehit.
960 1614 1000 1628 ·-
1032 1583 1130 1663 Apro
1153 1585 1207 1644 ad.

164 1668 295 1729 Titinius
315 1669 345 1727 in
366 1669 522 1728 Barathro:
753 1677 754 1680 ’

1009 1791 1059 1806 -
1084 1749 1207 1841 PriuS,

214 1853 337 1932 (luam
360 1856 487 1924 aurrim
501 1855 666 1947 privatae
688 1855 954 1946 purpuramque
975 1855 1207 1926 atterimusss

162 1955 276 2016 illitum
298 1963 343 2016 est
370 1976 455 2016 auro
478 1964 508 2016 et
528 1957 740 2017 obteximus.
784 1957 919 2015 Correxit
939 1956 1072 2027 Bothius,
1101 1957 1208 2028 dicens,

164 2040 261 2119 inepte
292 2041 420 2120 accipere
442 2043 544 2101 honum
566 2042 655 2102 virum
677 2041 834 2100 charisium
861 2041 1065 2100 abteximus
1086 2062 1138 2120 pro
1160 2049 1208 2101 at·

163 2127 326 2184 teximus.
381 2127 564 2186 scribendum
595 2146 659 2186 esse
691 2127 906 2198 atteximus,
936 2126 1008 2186 vidit
1029 2127 1112 2185 etium
1132 2128 1208 2186 Mer·

164 2210 258 2270 cerins
279 2211 316 2270 ad
329 2210 403 2270 Non.
420 2233 448 2291 p.
463 2220 491 2271 3.
535 2212 676 2270 immerito
698 2217 790 2270 autem
813 2218 963 2270 accusetur
984 2231 1003 2270 a
1017 2211 1120 2269 Bothio
1136 2212 1210 2271 Che·

163 2295 263 2366 nisius,
296 2295 359 2374 qui,
390 2304 422 2354 ut
448 2296 535 2356 verba
563 2297 623 2355 eius
653 2296 819 2368 ostendunt,
851 2295 948 2374 procul
980 2296 1064 2354 tluhio
1096 2296 1211 2376 scripsit

164 2379 376 2454 atteximus3
400 2381 607 2462 legendumque
628 2382 776 2460 aputeum
798 2379 909 2442 videtur
929 2381 974 2439 At
995 2400 1057 2460 pro
1079 2381 1129 2454 ad,
1147 2389 1210 2442 'non

163 2465 189 2524 Α
210 2483 273 2544 pro
296 2465 347 2524 ad.
390 2466 564 2528 Privatae
585 2487 626 2526 sc.
648 2466 767 2525 mulieri.

251 2617 332 2681 (tuae
353 2615 516 2699 fragmenta
537 2620 588 2678 suh
610 2616 763 2677 Barbati
790 2616 904 2677 nomine
925 2616 1085 2696 posuimus,
1114 2637 1149 2676 ea
1170 2617 1210 2677 le-

164 2709 286 2782 guntur,
317 2708 350 2760 nt
371 2722 409 2761 ex
430 2702 500 2762 locis
523 2703 673 2783 exscriptis
694 2703 797 2781 liquet,
829 2702 930 2780 partim
958 2703 1011 2761 suh
1033 2704 1087 2763 hoc
1107 2703 1210 2782 partim

166 2785 218 2844 sub
240 2787 408 2846 Barathri
430 2788 559 2860 nomine,
590 2789 670 2848 cuius
695 2789 760 2847 loco
789 2785 873 2846 etiam
893 2787 1027 2846 Aratro
1058 2787 1211 2849 invenitur.

165 2871 258 2949 Atque
287 2871 427 2950 Gyraldus
456 2874 491 2932 de
516 2875 632 2933 Pohtar.
660 2873 725 2932 hist.
746 2872 836 2943 vult,
872 2873 943 2951 0pp.
973 2874 1013 2933 Τ.
1030 2873 1065 2932 ll.
1093 2895 1120 2952 p.
1137 2880 1210 2948 424,

167 2955 239 3014 adea
262 2957 346 3016 etiam
359 2958 555 3018 Barbarum
570 2958 677 3017 Titinii
700 2964 906 3018 commemorat.
938 2957 1090 3016 Plurimum
1113 2965 1212 3017 aucto·

168 3040 261 3099 uitatis
283 3043 388 3101 hahent
408 3043 568 3103 Barbato
591 3051 620 3102 et
640 3045 835 3114 Barathr03
868 3049 900 3100 ut
921 3041 1042 3116 fuerint,
1066 3043 1113 3120 qui
1136 3046 1211 3102 inter

169 3125 323 3184 Barbatum
345 3129 552 3187 etBarathrum
569 3129 716 3187 discrimen
738 3133 911 3198 statuerent,
934 3146 1016 3205 quum
1038 3128 1086 3185 alii
1107 3135 1212 3186 utram·

167 3229 222 3288 que
249 3209 372 3270 fabulam
399 3213 516 3272 eandem
544 3221 689 3292 putarent,
720 3214 765 3272 vel
786 3212 938 3271 Barbatum
967 3231 1028 3270 eam
1050 3211 1212 3290 inscriptam

167 3292 257 3355 inisse
287 3297 497 3370 existimantes,
531 3297 576 3360 vel
597 3299 774 3358 Barathrum.
817 3298 888 3356 Rem
911 3295 1079 3355 diiudicasse
1101 3295 1213 3357 videtur
1316 3365 1322 3374 ¹

167 3379 324 3439 hlercerius
345 3382 381 3440 ad
402 3383 475 3442 Non.
498 3394 557 3463 p.3
581 3383 658 3442 hisce
679 3382 787 3443 verbisz
815 3381 1028 3453 „Titinnius
1050 3381 1211 3456 harhato,

168 3464 209 3524 ita
230 3466 405 3526 scribendum
426 3468 542 3547 ubique,
565 3487 622 3526 non
644 3467 833 3538 barathro,
855 3467 930 3545 quod
943 3485 1079 3544 nusquam
1093 3465 1122 3524 in
1140 3466 1213 3526 anti·

169 3549 230 3627 quis
259 3551 343 3609 Nonii
370 3559 420 3611 aut
446 3553 523 3612 Festi
551 3553 638 3612 lihris.
692 3553 781 3610 Error
808 3551 844 3610 ab
872 3571 907 3610 co
930 3551 1004 3630 quod
1031 3551 1117 3610 semel
1139 3550 1213 3630 apud

169 3641 311 3707 nostrum,
335 3643 364 3694 et
385 3638 471 3696 semel
484 3638 557 3716 apud
572 3639 687 3696 Festum
705 3637 791 3696 habes
813 3636 964 3696 barrato
986 3636 1031 3696 vel
1046 3636 1212 3707 Veneto,

171 3718 245 3796 quod
271 3727 449 3780 mutaverant
476 3723 503 3780 in
534 3723 720 3781 barathro:
756 3721 803 3798 qui
830 3721 903 3779 idern
933 3741 1014 3780 error
1040 3720 1159 3781 invaluit
1184 3720 1213 3779 in

170 3804 292 3863 Charisii
314 3807 466 3867 codicibus.
494 3827 547 3866 nec
570 3814 614 3867 est
635 3806 709 3886 quod
727 3806 797 3864 duas
816 3804 926 3865 fabulas
948 3806 1107 3876 credamus,
1130 3825 1214 3884 quum

89 3923 90 3929 κ
172 3889 318 3967 utriusque
346 3899 540 3972 argumentum
563 3892 635 3951 idem
657 3890 746 3950 fuisse
769 3892 869 3970 probet
890 3891 1009 3949 collatus
1031 3890 1151 3949 Charisii
1172 3891 1214 3948 lo·

171 3992 235 4046 cus,
265 3974 467 4054 priusquam
497 3997 586 4035 euro
608 3976 776 4056 privatae
798 3995 1059 4054 purpuramque
1080 3974 1213 4033 attexi-

171 4077 253 4116 mus.
297 4061 335 4118 ht
356 4061 403 4119 ille
424 4063 497 4141 apud
520 4063 648 4132 Festum,
671 4062 746 4140 Ego
770 4060 809 4119 ab
832 4060 950 4118 soloci
972 4060 1054 4118 lana
1074 4060 1115 4118 nd
1137 4079 1213 4138 pur·

171 4161 289 4220 puram
313 4145 403 4203 (lata.
447 4147 491 4204 lle
513 4145 716 4226 phrygionibus
739 4152 767 4203 et
789 4145 955 4204 tcxtricihus
976 4142 1031 4202 fuit
1050 4143 1181 4203 fabula.“

577 4259 805 4272 -—...—.--
