2932 4842
258 344 334 430 118

383 595 387 602 ,
750 561 795 604 ¹-
817 528 1035 586 llueeostor
1159 581 1162 588 .

305 612 667 674 Si··³ioo'rotoe'sitis
710 614 830 672 emboe
871 613 988 683 bibus,
1031 610 1083 668 uti
1122 609 1183 687 pol
1223 627 1305 690 ego,

349 689 404 732 ’”“·
873 697 1041 755 moribus!

263 789 383 858 utnon
404 782 477 840 'eliso
491 783 635 853 *niobem
663 801 763 844 versus
786 782 858 840 ulter
880 783 917 841 sit
939 786 1135 859 esynortetus,
1169 777 1307 857 composi-

262 873 315 929 tu's‘
330 869 567 928 cu¹troclr.·lliro.
590 875 620 927 et
640 869 722 928 iomb'.
746 867 811 926 diro.

267 973 272 980 .
307 945 313 980 l
362 957 393 986 ,1,

745 1003 824 1063 xlll.

344 1123 457 1182 Nonius
471 1129 504 1201 ³p.
524 1125 585 1182 495
609 1122 653 1180 ed.
675 1123 780 1181 Mero:
808 1120 1019 1193 „Accusativus
1045 1118 1154 1178 numeri
1181 1117 1306 1198 singule·

262 1210 304 1286 ris
323 1206 433 1288 positus
456 1228 507 1286 pro
529 1207 657 1288 ¹genitivo
674 1207 790 1307 plurali.
813 1239 854 1251 -
876 1206 1005 1265 Titinius
1026 1237 1068 1250 —
1090 1205 1118 1262 in
1132 1203 1274 1262 Gemina:

284 1285 398 1394 {an
432 1294 642 1362 exsecretur
667 1315 701 1362 1s
727 1292 952 1385 parasitum,
988 1292 1055 1360 neo
1081 1292 1199 1359 virum
1225 1289 1305 1358 abs·

280 1387 283 1398 ’
419 1396 423 1412 '
882 1384 986 1485 pellit
1014 1389 1180 1462 domoi“

263 1467 479 1586 tllbegtetur
514 1493 553 1562 is·
603 1493 684 1554 Libri
719 1493 888 1554 inconcinne
916 1494 1121 1554 exsecretis
1143 1491 1187 1552 vel
1209 1511 1306 1574 exse·

263 1573 409 1665 cretis,
449 1573 531 1666 Bot'li.
556 1573 590 1637 is
619 1573 799 1639 exsecret.
829 1611 871 1624 --
899 1577 1181 1660 compellit-lun.
1214 1596 1306 1656 marg.

263 1663 469 1752 p‘spcllitjs.
508 1665 664 1733 Caeterum
686 1685 785 1725 versus
806 1665 909 1724 ellotus
930 1664 997 1724 boni
1024 1661 1200 1746 grammatici
1221 1681 1306 1742 regn-

263 1753 326 1840 ltere²
340 1773 398 1838 opp
422 1747 578 1838 confirmet.
609 1802 613 1810 .

745 1868 823 1927 xlv.

349 1988 459 2047 Nonius
481 1989 508 2066 pL
526 1993 586 2048 497
609 1987 654 2045 erl.
670 1987 775 2048 Mero:
799 1986 1005 2060 ‚‚Accusetivus
1026 1986 1135 2065 positus
1156 2005 1208 2064 pro
1231 1983 1307 2043 eblo·

265 2075 336 2136 tivo.
369 2072 498 2132 Titinius
520 2071 548 2130 in
572 2071 704 2132 Gemino:

908 2201 958 2212 --
984 2155 1126 2249 Edepol
1150 2153 1307 2226 hominis

271 2297 274 2312 ·
314 2249 451 2352 Igurlvi
473 2260 620 2332 functus
646 2258 844 2332 officiuns“
869 2300 919 2310 -

751 2411 814 2470 XV·
850 2428 867 2448 ιι

348 2505 457 2587 uiuitis
485 2551 512 2608 p.
533 2535 595 2590 510
617 2529 661 2588 ed.
683 2530 787 2588 Mero:
819 2529 1066 2612 „Benigniter
1093 2548 1145 2608 pro
1173 2528 1307 2608 benigne.

265 2614 393 2673 Titinius
410 2613 443 2670 'in
467 2615 603 2673 Gemino:

314 2689 477 2768 Nimium
504 2706 539 2767 te
565 2699 783 2789 patrocinari
810 2700 938 2770 censeo
964 2689 1207 2791 benigniter.“

264 2799 411 2859 Nimium
433 2808 478 2859 te.
511 2800 581 2860 Ven.
598 2801 621 2860 l.
636 2801 671 2859 ll.
694 2801 761 2860 Por.
783 2801 965 2860 Nimirum.
987 2835 1029 2848 -
1051 2819 1196 2861 censeo.
1217 2799 1307 2859 lllerc.

264 2886 348 2944 Both.
371 2885 502 2945 sentio.
538 2937 569 2983 ’,Ι

746 3021 823 3080 xvl.
894 3058 898 3068 ·

132 3127 248 3206 Ml„
277 3179 282 3198 ,
331 3137 513 3220 *Priscianus
532 3138 571 3197 X.
600 3148 629 3200 7.
654 3147 703 3202 ³8.
731 3162 758 3219 p.
777 3147 837 3202 898
865 3161 911 3219 op.
938 3139 1071 3198 l'utscb.:
1100 3137 1188 3210 „Non
1216 3138 1307 3197 solnm

37 3277 72 3319 >¹
105 3261 177 3300 ,·,
204 3267 216 3281 „
264 3217 299 3282 τὸ
322 3208 488 3298 κοσὲτινῖζον
516 3221 628 3304 κρίνω
656 3224 698 3284 sic
721 3225 863 3302 (cerno,
891 3221 1001 3303 crevi)
1024 3223 1094 3282 fecit
1114 3223 1305 3303 praeteritum,

265 3309 315 3367 sed
338 3309 421 3367 etiem
443 3329 525 3387 quum
548 3328 599 3388 pro
621 3309 726 3369 video
749 3311 894 3389 accipitur.
937 3309 1066 3368 Titinius
1088 3309 1116 3366 in
1138 3309 1272 3368 Gemino:

272 3395 288 3436 ·'
315 3392 433 3462 Simul
458 3398 497 3462 ut
523 3415 655 3482 pueros
681 3395 787 3465 nocte
813 3397 880 3465 has
906 3386 1092 3485 suspirare
1120 3395 1235 3480 crevi3

264 3513 316 3572 pro
345 3494 455 3554 vidi.“
505 3495 599 3575 Vulgo
630 3496 691 3554 hes
729 3503 848 3570 nocte,
884 3516 956 3575 quoe
987 3496 1073 3556 verbe
1107 3496 1188 3554 notri
1220 3513 1307 3554 conse

264 3577 416 3636 menllebto
445 3585 511 3636 sunt
544 3581 764 3658 transponendo.
813 3581 931 3640 Krcblio
959 3588 1033 3640 teste
1064 3579 1191 3639 nonnulli
1225 3580 1306 3640 codd.

265 3665 346 3733 lroc,
360 3659 451 3741 i'puori
478 3664 505 3722 ei
532 3663 634 3743 placet.
677 3665 747 3723 lllibi
777 3666 949 3745 probabilius
970 3667 1096 3738 videtur,
1125 3666 1189 3724 boc
1211 3671 1307 3724 notum

266 3765 334 3805 esse
356 3748 495 3819 orbes,
523 3756 588 3826 post
615 3758 720 3808 nocte
748 3752 855 3830 posito,
887 3771 968 3830 quern
995 3751 1056 3809 hes
1077 3771 1115 3809 ex
1137 3751 1218 3822 bec,
1240 3755 1307 3809 ente

265 3837 369 3894 nocte
390 3840 525 3892 retracto.
568 3835 686 3893 Bothius
714 3837 768 3894 boc
795 3837 958 3896 vocobulum
981 3855 1096 3914 prorsus
1118 3835 1220 3906 omisit,
1242 3855 1306 3895 ver-

265 3935 326 3974 snm
348 3935 399 3994 pro
421 3925 585 3995 esynnrtcto
607 3919 727 3991 babens,
750 3940 787 3979 ex
810 3921 918 3980 duobus
939 3921 1125 4000 ithypbollicis
1147 3925 1305 3979 constante.

266 4001 330 4058 Non
344 4001 595 4064 ‘animaduerterat
622 4005 665 4065 vir
692 4007 807 4076 doctus,
830 4006 1010 4086 transpositis
1032 4006 1141 4065 dnobus
1161 4005 1306 4066 vocubulis

250 4102 377 4188 'versum
398 4088 538 4147 exsistere
559 4089 781 4167 pulcherrimum.
818 4117 825 4130 ⁴
