<?xml version="1.0" encoding="UTF-8"?>
<!DOCTYPE html PUBLIC "-//W3C//DTD XHTML 1.0 Transitional//EN"
    "http://www.w3.org/TR/xhtml1/DTD/xhtml1-transitional.dtd">
<html xmlns="http://www.w3.org/1999/xhtml" xml:lang="en" lang="en">
 <head>
  <title>
</title>
<meta http-equiv="Content-Type" content="text/html;charset=utf-8" />
  <meta name='ocr-system' content='tesseract 3.04.00' />
  <meta name='ocr-capabilities' content='ocr_page ocr_carea ocr_par ocr_line ocrx_word'/>
</head>
<body>
  <div class='ocr_page' id='page_1' title='image "./defabulatogatar01neukgoog_0046.png"; bbox 0 0 2938 4848; ppageno 0'>
   <div class='ocr_carea' id='block_1_1' title="bbox 1149 379 1199 456">
    <p class='ocr_par' dir='ltr' id='par_1_1' title="bbox 1149 379 1199 456">
     <span class='ocr_line' id='line_1_1' title="bbox 1149 379 1199 456; baseline 0.04 -2"><span class='ocrx_word' id='word_1_1' title='bbox 1149 379 1199 456; x_wconf 80' lang='grc'><strong>51</strong></span> 
     </span>
    </p>
   </div>
   <div class='ocr_carea' id='block_1_2' title="bbox 150 551 1211 3593">
    <p class='ocr_par' dir='ltr' id='par_1_2' title="bbox 150 551 1211 3497">
     <span class='ocr_line' id='line_1_2' title="bbox 158 551 1200 651; baseline -0.002 -24"><span class='ocrx_word' id='word_1_2' title='bbox 158 564 321 651; x_wconf 85' lang='lat' dir='ltr'><strong>togatam</strong></span> <span class='ocrx_word' id='word_1_3' title='bbox 354 559 622 648; x_wconf 84' lang='lat' dir='ltr'><strong>praetextatam</strong></span> <span class='ocrx_word' id='word_1_4' title='bbox 652 574 676 625; x_wconf 87' lang='lat' dir='ltr'><strong>a</strong></span> <span class='ocrx_word' id='word_1_5' title='bbox 706 553 899 646; x_wconf 71' lang='lat' dir='ltr'>tragoedia</span> <span class='ocrx_word' id='word_1_6' title='bbox 925 551 1070 624; x_wconf 80' lang='lat' dir='ltr'><strong>differre</strong></span> <span class='ocrx_word' id='word_1_7' title='bbox 1101 553 1200 642; x_wconf 89' lang='lat' dir='ltr'><strong>dicit,</strong></span> 
     </span>
     <span class='ocr_line' id='line_1_3' title="bbox 156 655 1200 752; baseline -0.004 -22"><span class='ocrx_word' id='word_1_8' title='bbox 156 661 255 752; x_wconf 87' lang='lat' dir='ltr'><strong>qnod</strong></span> <span class='ocrx_word' id='word_1_9' title='bbox 281 659 319 730; x_wconf 90' lang='lat' dir='ltr'><strong>in</strong></span> <span class='ocrx_word' id='word_1_10' title='bbox 351 655 541 750; x_wconf 84' lang='lat' dir='ltr'><strong>tragoedia</strong></span> <span class='ocrx_word' id='word_1_11' title='bbox 575 655 706 728; x_wconf 74' lang='lat' dir='ltr'><strong>heroas</strong></span> <span class='ocrx_word' id='word_1_12' title='bbox 742 656 978 740; x_wconf 79' lang='lat' dir='ltr'><strong>inducantur,</strong></span> <span class='ocrx_word' id='word_1_13' title='bbox 1023 655 1060 724; x_wconf 90' lang='lat' dir='ltr'><strong>in</strong></span> <span class='ocrx_word' id='word_1_14' title='bbox 1095 678 1200 748; x_wconf 90' lang='lat' dir='ltr'><strong>prae·</strong></span> 
     </span>
     <span class='ocr_line' id='line_1_4' title="bbox 156 754 1201 832; baseline -0.004 -1"><span class='ocrx_word' id='word_1_15' title='bbox 156 767 297 832; x_wconf 78' lang='lat' dir='ltr'><strong>tentata</strong></span> <span class='ocrx_word' id='word_1_16' title='bbox 336 767 460 830; x_wconf 82' lang='lat' dir='ltr'><strong>auteur</strong></span> <span class='ocrx_word' id='word_1_17' title='bbox 496 758 678 830; x_wconf 75' lang='lat' dir='ltr'>scribatur</span> <span class='ocrx_word' id='word_1_18' title='bbox 707 755 845 828; x_wconf 85' lang='lat' dir='ltr'><strong>Brutus</strong></span> <span class='ocrx_word' id='word_1_19' title='bbox 878 757 939 826; x_wconf 86' lang='lat' dir='ltr'><strong>rel</strong></span> <span class='ocrx_word' id='word_1_20' title='bbox 970 754 1109 829; x_wconf 83' lang='lat' dir='ltr'><strong>Decius</strong></span> <span class='ocrx_word' id='word_1_21' title='bbox 1138 759 1201 828; x_wconf 85' lang='lat' dir='ltr'><strong>vel</strong></span> 
     </span>
     <span class='ocr_line' id='line_1_5' title="bbox 156 859 1200 951; baseline -0.003 -18"><span class='ocrx_word' id='word_1_22' title='bbox 156 862 365 934; x_wconf 75' lang='lat' dir='ltr'><strong>Marcellus.</strong></span> <span class='ocrx_word' id='word_1_23' title='bbox 417 860 477 934; x_wconf 85' lang='lat' dir='ltr'><strong>Ac</strong></span> <span class='ocrx_word' id='word_1_24' title='bbox 509 861 582 931; x_wconf 91' lang='lat' dir='ltr'><strong>iam</strong></span> <span class='ocrx_word' id='word_1_25' title='bbox 612 868 712 931; x_wconf 91' lang='lat' dir='ltr'><strong>certo</strong></span> <span class='ocrx_word' id='word_1_26' title='bbox 738 859 970 951; x_wconf 80' lang='lat' dir='ltr'><strong>pronuntiare</strong></span> <span class='ocrx_word' id='word_1_27' title='bbox 995 881 1200 950; x_wconf 81' lang='lat' dir='ltr'><strong>possumus,</strong></span> 
     </span>
     <span class='ocr_line' id='line_1_6' title="bbox 155 958 1199 1057; baseline -0.003 -22"><span class='ocrx_word' id='word_1_28' title='bbox 155 987 249 1057; x_wconf 88' lang='lat' dir='ltr'><strong>quaa</strong></span> <span class='ocrx_word' id='word_1_29' title='bbox 276 965 357 1034; x_wconf 88' lang='lat' dir='ltr'><strong>sola</strong></span> <span class='ocrx_word' id='word_1_30' title='bbox 383 985 431 1032; x_wconf 83' lang='lat' dir='ltr'><strong>cx</strong></span> <span class='ocrx_word' id='word_1_31' title='bbox 453 962 523 1034; x_wconf 90' lang='lat' dir='ltr'><strong>hoc</strong></span> <span class='ocrx_word' id='word_1_32' title='bbox 545 984 680 1054; x_wconf 87' lang='lat' dir='ltr'><strong>genera</strong></span> <span class='ocrx_word' id='word_1_33' title='bbox 699 966 858 1053; x_wconf 88' lang='lat' dir='ltr'><strong>superat,</strong></span> <span class='ocrx_word' id='word_1_34' title='bbox 884 959 1050 1032; x_wconf 76' lang='lat' dir='ltr'>Senecae</span> <span class='ocrx_word' id='word_1_35' title='bbox 1071 958 1199 1032; x_wconf 85' lang='lat' dir='ltr'><strong>Octa·</strong></span> 
     </span>
     <span class='ocr_line' id='line_1_7' title="bbox 154 1063 1199 1156; baseline -0.003 -19"><span class='ocrx_word' id='word_1_36' title='bbox 154 1069 292 1153; x_wconf 89' lang='lat' dir='ltr'><strong>viam,</strong></span> <span class='ocrx_word' id='word_1_37' title='bbox 332 1086 424 1156; x_wconf 83' lang='lat' dir='ltr'><strong>aput</strong></span> <span class='ocrx_word' id='word_1_38' title='bbox 450 1065 541 1136; x_wconf 88' lang='lat' dir='ltr'><strong>illud</strong></span> <span class='ocrx_word' id='word_1_39' title='bbox 573 1063 941 1154; x_wconf 85' lang='lat' dir='ltr'><strong>imperfectissimam,</strong></span> <span class='ocrx_word' id='word_1_40' title='bbox 974 1070 1199 1154; x_wconf 82' lang='lat' dir='ltr'><strong>praetextam</strong></span> 
     </span>
     <span class='ocr_line' id='line_1_8' title="bbox 156 1164 1199 1260; baseline -0.004 -20"><span class='ocrx_word' id='word_1_41' title='bbox 156 1189 250 1254; x_wconf 85' lang='lat' dir='ltr'><strong>csse,</strong></span> <span class='ocrx_word' id='word_1_42' title='bbox 278 1167 394 1260; x_wconf 85' lang='lat' dir='ltr'><strong>eique,</strong></span> <span class='ocrx_word' id='word_1_43' title='bbox 416 1167 516 1258; x_wconf 83' lang='lat' dir='ltr'><strong>quod</strong></span> <span class='ocrx_word' id='word_1_44' title='bbox 541 1167 589 1236; x_wconf 93' lang='lat' dir='ltr'><strong>ad</strong></span> <span class='ocrx_word' id='word_1_45' title='bbox 612 1165 767 1238; x_wconf 81' lang='lat' dir='ltr'><strong>formato</strong></span> <span class='ocrx_word' id='word_1_46' title='bbox 789 1164 927 1251; x_wconf 80' lang='lat' dir='ltr'><strong>attinet,</strong></span> <span class='ocrx_word' id='word_1_47' title='bbox 952 1187 1078 1234; x_wconf 83' lang='lat' dir='ltr'><strong>omnes</strong></span> <span class='ocrx_word' id='word_1_48' title='bbox 1094 1166 1199 1236; x_wconf 82' lang='lat' dir='ltr'><strong>faba·</strong></span> 
     </span>
     <span class='ocr_line' id='line_1_9' title="bbox 153 1264 1198 1360; baseline -0.001 -21"><span class='ocrx_word' id='word_1_49' title='bbox 153 1271 209 1341; x_wconf 90' lang='lat' dir='ltr'><strong>las</strong></span> <span class='ocrx_word' id='word_1_50' title='bbox 242 1275 490 1360; x_wconf 86' lang='lat' dir='ltr'><strong>praetextatas</strong></span> <span class='ocrx_word' id='word_1_51' title='bbox 522 1268 658 1340; x_wconf 85' lang='lat' dir='ltr'><strong>similes</strong></span> <span class='ocrx_word' id='word_1_52' title='bbox 693 1267 819 1338; x_wconf 85' lang='lat' dir='ltr'><strong>fuisse.</strong></span> <span class='ocrx_word' id='word_1_53' title='bbox 871 1264 963 1336; x_wconf 89' lang='lat' dir='ltr'><strong>Erat</strong></span> <span class='ocrx_word' id='word_1_54' title='bbox 988 1274 1110 1336; x_wconf 88' lang='lat' dir='ltr'><strong>autem</strong></span> <span class='ocrx_word' id='word_1_55' title='bbox 1135 1289 1198 1338; x_wconf 89' lang='lat' dir='ltr'><strong>na·</strong></span> 
     </span>
     <span class='ocr_line' id='line_1_10' title="bbox 155 1368 1200 1462; baseline -0.003 -20"><span class='ocrx_word' id='word_1_56' title='bbox 155 1379 239 1442; x_wconf 87' lang='lat' dir='ltr'><strong>tura</strong></span> <span class='ocrx_word' id='word_1_57' title='bbox 260 1377 530 1462; x_wconf 79' lang='lat' dir='ltr'><strong>praetextatam</strong></span> <span class='ocrx_word' id='word_1_58' title='bbox 556 1370 607 1440; x_wconf 87' lang='lat' dir='ltr'><strong>ita</strong></span> <span class='ocrx_word' id='word_1_59' title='bbox 628 1377 847 1460; x_wconf 89' lang='lat' dir='ltr'><strong>comparata,</strong></span> <span class='ocrx_word' id='word_1_60' title='bbox 875 1375 914 1439; x_wconf 89' lang='lat' dir='ltr'><strong>ut</strong></span> <span class='ocrx_word' id='word_1_61' title='bbox 928 1389 995 1438; x_wconf 87' lang='lat' dir='ltr'><strong>eae</strong></span> <span class='ocrx_word' id='word_1_62' title='bbox 1015 1368 1200 1440; x_wconf 87' lang='lat' dir='ltr'><strong>interdum</strong></span> 
     </span>
     <span class='ocr_line' id='line_1_11' title="bbox 153 1470 1199 1566; baseline -0.001 -23"><span class='ocrx_word' id='word_1_63' title='bbox 153 1493 393 1566; x_wconf 84' lang='lat' dir='ltr'><strong>personarunt</strong></span> <span class='ocrx_word' id='word_1_64' title='bbox 425 1472 603 1564; x_wconf 85' lang='lat' dir='ltr'><strong>gravitate</strong></span> <span class='ocrx_word' id='word_1_65' title='bbox 628 1471 793 1562; x_wconf 83' lang='lat' dir='ltr'><strong>proxime</strong></span> <span class='ocrx_word' id='word_1_66' title='bbox 825 1473 874 1540; x_wconf 90' lang='lat' dir='ltr'><strong>ad</strong></span> <span class='ocrx_word' id='word_1_67' title='bbox 898 1470 1107 1562; x_wconf 73' lang='lat' dir='ltr'><strong>tragoedias</strong></span> <span class='ocrx_word' id='word_1_68' title='bbox 1138 1493 1199 1542; x_wconf 88' lang='lat' dir='ltr'><strong>ac·</strong></span> 
     </span>
     <span class='ocr_line' id='line_1_12' title="bbox 155 1571 1198 1664; baseline -0.002 -18"><span class='ocrx_word' id='word_1_69' title='bbox 155 1577 337 1646; x_wconf 75' lang='lat' dir='ltr'><strong>cederent.</strong></span> <span class='ocrx_word' id='word_1_70' title='bbox 388 1571 501 1652; x_wconf 71' lang='lat' dir='ltr'><strong>Quod</strong></span> <span class='ocrx_word' id='word_1_71' title='bbox 526 1577 601 1646; x_wconf 83' lang='lat' dir='ltr'><strong>tum</strong></span> <span class='ocrx_word' id='word_1_72' title='bbox 625 1574 762 1644; x_wconf 80' lang='lat' dir='ltr'><strong>laetum</strong></span> <span class='ocrx_word' id='word_1_73' title='bbox 783 1579 850 1659; x_wconf 81' lang='lat' dir='ltr'><strong>est,</strong></span> <span class='ocrx_word' id='word_1_74' title='bbox 877 1593 986 1664; x_wconf 88' lang='lat' dir='ltr'><strong>quum</strong></span> <span class='ocrx_word' id='word_1_75' title='bbox 1007 1579 1070 1643; x_wconf 88' lang='lat' dir='ltr'><strong>aut</strong></span> <span class='ocrx_word' id='word_1_76' title='bbox 1083 1572 1198 1646; x_wconf 88' lang='lat' dir='ltr'><strong>homi·</strong></span> 
     </span>
     <span class='ocr_line' id='line_1_13' title="bbox 155 1674 1200 1768; baseline 0 -22"><span class='ocrx_word' id='word_1_77' title='bbox 155 1699 220 1746; x_wconf 88' lang='lat' dir='ltr'><strong>nes</strong></span> <span class='ocrx_word' id='word_1_78' title='bbox 247 1676 486 1766; x_wconf 79' lang='lat' dir='ltr'><strong>excellentes,</strong></span> <span class='ocrx_word' id='word_1_79' title='bbox 512 1695 563 1746; x_wconf 83' lang='lat' dir='ltr'><strong>ex</strong></span> <span class='ocrx_word' id='word_1_80' title='bbox 587 1675 797 1768; x_wconf 81' lang='lat' dir='ltr'><strong>antiquitate</strong></span> <span class='ocrx_word' id='word_1_81' title='bbox 823 1674 1022 1764; x_wconf 84' lang='lat' dir='ltr'><strong>desumpti,</strong></span> <span class='ocrx_word' id='word_1_82' title='bbox 1048 1683 1112 1746; x_wconf 90' lang='lat' dir='ltr'><strong>aut</strong></span> <span class='ocrx_word' id='word_1_83' title='bbox 1137 1676 1200 1768; x_wconf 90' lang='lat' dir='ltr'><strong>qui</strong></span> 
     </span>
     <span class='ocr_line' id='line_1_14' title="bbox 153 1777 1198 1871; baseline -0.001 -21"><span class='ocrx_word' id='word_1_84' title='bbox 153 1779 291 1871; x_wconf 69' lang='lat' dir='ltr'><strong>primm</strong></span> <span class='ocrx_word' id='word_1_85' title='bbox 315 1785 439 1870; x_wconf 85' lang='lat' dir='ltr'><strong>partes</strong></span> <span class='ocrx_word' id='word_1_86' title='bbox 465 1777 502 1846; x_wconf 92' lang='lat' dir='ltr'><strong>in</strong></span> <span class='ocrx_word' id='word_1_87' title='bbox 526 1777 712 1868; x_wconf 77' lang='lat' dir='ltr'><strong>republica</strong></span> <span class='ocrx_word' id='word_1_88' title='bbox 736 1777 798 1846; x_wconf 88' lang='lat' dir='ltr'><strong>vel</strong></span> <span class='ocrx_word' id='word_1_89' title='bbox 821 1777 1084 1848; x_wconf 80' lang='lat' dir='ltr'><strong>recentioribus</strong></span> <span class='ocrx_word' id='word_1_90' title='bbox 1109 1786 1198 1849; x_wconf 86' lang='lat' dir='ltr'><strong>tern-</strong></span> 
     </span>
     <span class='ocr_line' id='line_1_15' title="bbox 153 1878 1199 1972; baseline 0.002 -22"><span class='ocrx_word' id='word_1_91' title='bbox 153 1881 304 1972; x_wconf 82' lang='lat' dir='ltr'><strong>poribus</strong></span> <span class='ocrx_word' id='word_1_92' title='bbox 319 1888 480 1972; x_wconf 88' lang='lat' dir='ltr'><strong>egerant,</strong></span> <span class='ocrx_word' id='word_1_93' title='bbox 504 1879 725 1950; x_wconf 84' lang='lat' dir='ltr'><strong>inscaenam</strong></span> <span class='ocrx_word' id='word_1_94' title='bbox 740 1879 1070 1953; x_wconf 89' lang='lat' dir='ltr'><strong>introducebantur.</strong></span> <span class='ocrx_word' id='word_1_95' title='bbox 1104 1878 1199 1958; x_wconf 74' lang='lat' dir='ltr'><strong>don</strong></span> 
     </span>
     <span class='ocr_line' id='line_1_16' title="bbox 155 1979 1199 2076; baseline 0.002 -24"><span class='ocrx_word' id='word_1_96' title='bbox 155 1989 210 2052; x_wconf 81' lang='lat' dir='ltr'><strong>ast</strong></span> <span class='ocrx_word' id='word_1_97' title='bbox 236 1981 344 2068; x_wconf 89' lang='lat' dir='ltr'><strong>enim,</strong></span> <span class='ocrx_word' id='word_1_98' title='bbox 371 1981 434 2073; x_wconf 88' lang='lat' dir='ltr'><strong>qui</strong></span> <span class='ocrx_word' id='word_1_99' title='bbox 458 1981 538 2052; x_wconf 87' lang='lat' dir='ltr'><strong>inre</strong></span> <span class='ocrx_word' id='word_1_100' title='bbox 562 1989 683 2076; x_wconf 84' lang='lat' dir='ltr'><strong>neget,</strong></span> <span class='ocrx_word' id='word_1_101' title='bbox 709 1984 746 2050; x_wconf 93' lang='lat' dir='ltr'><strong>in</strong></span> <span class='ocrx_word' id='word_1_102' title='bbox 765 1980 859 2052; x_wconf 90' lang='lat' dir='ltr'><strong>Attii</strong></span> <span class='ocrx_word' id='word_1_103' title='bbox 879 1979 995 2051; x_wconf 87' lang='lat' dir='ltr'><strong>Bruto</strong></span> <span class='ocrx_word' id='word_1_104' title='bbox 1021 1981 1199 2054; x_wconf 84' lang='lat' dir='ltr'><strong>maiorem</strong></span> 
     </span>
     <span class='ocr_line' id='line_1_17' title="bbox 154 2081 1197 2176; baseline 0.002 -24"><span class='ocrx_word' id='word_1_105' title='bbox 154 2083 362 2154; x_wconf 86' lang='lat' dir='ltr'><strong>necessario</strong></span> <span class='ocrx_word' id='word_1_106' title='bbox 396 2081 511 2154; x_wconf 85' lang='lat' dir='ltr'><strong>faisse</strong></span> <span class='ocrx_word' id='word_1_107' title='bbox 543 2084 778 2176; x_wconf 84' lang='lat' dir='ltr'><strong>gravitatem,</strong></span> <span class='ocrx_word' id='word_1_108' title='bbox 817 2102 924 2174; x_wconf 89' lang='lat' dir='ltr'><strong>qnam</strong></span> <span class='ocrx_word' id='word_1_109' title='bbox 957 2082 996 2151; x_wconf 91' lang='lat' dir='ltr'><strong>in</strong></span> <span class='ocrx_word' id='word_1_110' title='bbox 1021 2104 1067 2152; x_wconf 87' lang='lat' dir='ltr'><strong>ea</strong></span> <span class='ocrx_word' id='word_1_111' title='bbox 1091 2103 1197 2173; x_wconf 86' lang='lat' dir='ltr'><strong>prae·</strong></span> 
     </span>
     <span class='ocr_line' id='line_1_18' title="bbox 154 2183 1197 2279; baseline -0.001 -23"><span class='ocrx_word' id='word_1_112' title='bbox 154 2192 268 2272; x_wconf 83' lang='lat' dir='ltr'><strong>texta,</strong></span> <span class='ocrx_word' id='word_1_113' title='bbox 294 2205 390 2279; x_wconf 88' lang='lat' dir='ltr'><strong>quae</strong></span> <span class='ocrx_word' id='word_1_114' title='bbox 414 2183 514 2256; x_wconf 84' lang='lat' dir='ltr'><strong>iacta</strong></span> <span class='ocrx_word' id='word_1_115' title='bbox 538 2193 619 2256; x_wconf 90' lang='lat' dir='ltr'><strong>erat</strong></span> <span class='ocrx_word' id='word_1_116' title='bbox 643 2187 689 2258; x_wconf 92' lang='lat' dir='ltr'><strong>de</strong></span> <span class='ocrx_word' id='word_1_117' title='bbox 714 2185 824 2255; x_wconf 90' lang='lat' dir='ltr'><strong>Balbi</strong></span> <span class='ocrx_word' id='word_1_118' title='bbox 844 2184 1048 2275; x_wconf 87' lang='lat' dir='ltr'><strong>quaestoris</strong></span> <span class='ocrx_word' id='word_1_119' title='bbox 1067 2183 1197 2255; x_wconf 86' lang='lat' dir='ltr'><strong>itinere</strong></span> 
     </span>
     <span class='ocr_line' id='line_1_19' title="bbox 155 2284 1196 2380; baseline -0.002 -24"><span class='ocrx_word' id='word_1_120' title='bbox 155 2289 202 2356; x_wconf 91' lang='lat' dir='ltr'><strong>ad</strong></span> <span class='ocrx_word' id='word_1_121' title='bbox 228 2284 446 2357; x_wconf 82' lang='lat' dir='ltr'><strong>Lentulumi</strong></span> <span class='ocrx_word' id='word_1_122' title='bbox 485 2285 615 2380; x_wconf 86' lang='lat' dir='ltr'><strong>Itaque</strong></span> <span class='ocrx_word' id='word_1_123' title='bbox 647 2287 794 2358; x_wconf 88' lang='lat' dir='ltr'><strong>adducti</strong></span> <span class='ocrx_word' id='word_1_124' title='bbox 818 2292 904 2356; x_wconf 88' lang='lat' dir='ltr'><strong>sunt</strong></span> <span class='ocrx_word' id='word_1_125' title='bbox 928 2286 1108 2372; x_wconf 90' lang='lat' dir='ltr'><strong>nonnulli,</strong></span> <span class='ocrx_word' id='word_1_126' title='bbox 1143 2295 1196 2375; x_wconf 86' lang='lat' dir='ltr'><strong>ot,</strong></span> 
     </span>
     <span class='ocr_line' id='line_1_20' title="bbox 154 2387 1211 2480; baseline 0.002 -22"><span class='ocrx_word' id='word_1_127' title='bbox 154 2411 226 2458; x_wconf 92' lang='lat' dir='ltr'><strong>non</strong></span> <span class='ocrx_word' id='word_1_128' title='bbox 252 2396 481 2479; x_wconf 87' lang='lat' dir='ltr'><strong>reputantes,</strong></span> <span class='ocrx_word' id='word_1_129' title='bbox 509 2389 776 2480; x_wconf 86' lang='lat' dir='ltr'><strong>tragoediarum</strong></span> <span class='ocrx_word' id='word_1_130' title='bbox 802 2387 959 2477; x_wconf 81' lang='lat' dir='ltr'><strong>mythico</strong></span> <span class='ocrx_word' id='word_1_131' title='bbox 984 2395 1211 2480; x_wconf 87' lang='lat' dir='ltr'><strong>argumenta-</strong></span> 
     </span>
     <span class='ocr_line' id='line_1_21' title="bbox 155 2491 1196 2582; baseline 0.001 -23"><span class='ocrx_word' id='word_1_132' title='bbox 155 2511 239 2559; x_wconf 88' lang='lat' dir='ltr'><strong>essc</strong></span> <span class='ocrx_word' id='word_1_133' title='bbox 270 2491 434 2581; x_wconf 88' lang='lat' dir='ltr'><strong>propria,</strong></span> <span class='ocrx_word' id='word_1_134' title='bbox 469 2491 641 2581; x_wconf 78' lang='lat' dir='ltr'><strong>imprimis</strong></span> <span class='ocrx_word' id='word_1_135' title='bbox 667 2493 715 2560; x_wconf 93' lang='lat' dir='ltr'><strong>ad</strong></span> <span class='ocrx_word' id='word_1_136' title='bbox 739 2491 927 2582; x_wconf 65' lang='lat' dir='ltr'><strong>gradores</strong></span> <span class='ocrx_word' id='word_1_137' title='bbox 954 2497 1196 2580; x_wconf 80' lang='lat' dir='ltr'><strong>praetentata·</strong></span> 
     </span>
     <span class='ocr_line' id='line_1_22' title="bbox 153 2591 1196 2683; baseline 0.006 -24"><span class='ocrx_word' id='word_1_138' title='bbox 153 2611 234 2662; x_wconf 91' lang='lat' dir='ltr'><strong>rum</strong></span> <span class='ocrx_word' id='word_1_139' title='bbox 259 2593 487 2683; x_wconf 82' lang='lat' dir='ltr'><strong>formamque</strong></span> <span class='ocrx_word' id='word_1_140' title='bbox 512 2613 637 2662; x_wconf 84' lang='lat' dir='ltr'><strong>earum</strong></span> <span class='ocrx_word' id='word_1_141' title='bbox 661 2599 877 2682; x_wconf 80' lang='lat' dir='ltr'><strong>spectantes,</strong></span> <span class='ocrx_word' id='word_1_142' title='bbox 904 2591 1110 2683; x_wconf 78' lang='lat' dir='ltr'><strong>tragoedias</strong></span> <span class='ocrx_word' id='word_1_143' title='bbox 1132 2613 1196 2666; x_wconf 83' lang='lat' dir='ltr'><strong>eas</strong></span> 
     </span>
     <span class='ocr_line' id='line_1_23' title="bbox 152 2691 1197 2785; baseline 0.003 -23"><span class='ocrx_word' id='word_1_144' title='bbox 152 2691 342 2763; x_wconf 83' lang='lat' dir='ltr'><strong>nominare</strong></span> <span class='ocrx_word' id='word_1_145' title='bbox 374 2715 447 2763; x_wconf 90' lang='lat' dir='ltr'><strong>non</strong></span> <span class='ocrx_word' id='word_1_146' title='bbox 479 2694 702 2783; x_wconf 84' lang='lat' dir='ltr'><strong>dubitarent3</strong></span> <span class='ocrx_word' id='word_1_147' title='bbox 733 2715 827 2785; x_wconf 88' lang='lat' dir='ltr'><strong>quae</strong></span> <span class='ocrx_word' id='word_1_148' title='bbox 861 2693 1054 2784; x_wconf 85' lang='lat' dir='ltr'><strong>appellatio</strong></span> <span class='ocrx_word' id='word_1_149' title='bbox 1080 2715 1197 2765; x_wconf 87' lang='lat' dir='ltr'><strong>aurea</strong></span> 
     </span>
     <span class='ocr_line' id='line_1_24' title="bbox 153 2793 1194 2886; baseline 0.002 -22"><span class='ocrx_word' id='word_1_150' title='bbox 153 2795 299 2886; x_wconf 89' lang='lat' dir='ltr'><strong>quidem</strong></span> <span class='ocrx_word' id='word_1_151' title='bbox 324 2795 524 2865; x_wconf 88' lang='lat' dir='ltr'><strong>litterarum</strong></span> <span class='ocrx_word' id='word_1_152' title='bbox 539 2793 784 2866; x_wconf 85' lang='lat' dir='ltr'><strong>Romanarum</strong></span> <span class='ocrx_word' id='word_1_153' title='bbox 810 2801 929 2864; x_wconf 79' lang='lat' dir='ltr'><strong>aetate</strong></span> <span class='ocrx_word' id='word_1_154' title='bbox 953 2795 1068 2866; x_wconf 86' lang='lat' dir='ltr'><strong>fuisse</strong></span> <span class='ocrx_word' id='word_1_155' title='bbox 1094 2797 1194 2866; x_wconf 91' lang='lat' dir='ltr'><strong>vide·</strong></span> 
     </span>
     <span class='ocr_line' id='line_1_25' title="bbox 152 2894 1195 2990; baseline 0.005 -26"><span class='ocrx_word' id='word_1_156' title='bbox 152 2902 212 2965; x_wconf 89' lang='lat' dir='ltr'><strong>tur</strong></span> <span class='ocrx_word' id='word_1_157' title='bbox 245 2896 374 2965; x_wconf 88' lang='lat' dir='ltr'><strong>aliena.</strong></span> <span class='ocrx_word' id='word_1_158' title='bbox 436 2894 543 2974; x_wconf 73' lang='lat' dir='ltr'><strong>Quae</strong></span> <span class='ocrx_word' id='word_1_159' title='bbox 582 2905 704 2968; x_wconf 85' lang='lat' dir='ltr'><strong>autem</strong></span> <span class='ocrx_word' id='word_1_160' title='bbox 743 2895 853 2966; x_wconf 87' lang='lat' dir='ltr'><strong>hodie</strong></span> <span class='ocrx_word' id='word_1_161' title='bbox 892 2904 948 2968; x_wconf 79' lang='lat' dir='ltr'><strong>eet</strong></span> <span class='ocrx_word' id='word_1_162' title='bbox 981 2898 1195 2990; x_wconf 79' lang='lat' dir='ltr'><strong>tragoediae</strong></span> 
     </span>
     <span class='ocr_line' id='line_1_26' title="bbox 150 2997 1194 3091; baseline 0.003 -25"><span class='ocrx_word' id='word_1_163' title='bbox 150 2997 252 3066; x_wconf 89' lang='lat' dir='ltr'><strong>notio</strong></span> <span class='ocrx_word' id='word_1_164' title='bbox 279 2998 481 3084; x_wconf 86' lang='lat' dir='ltr'><strong>dilatatior,</strong></span> <span class='ocrx_word' id='word_1_165' title='bbox 514 3019 623 3090; x_wconf 88' lang='lat' dir='ltr'><strong>quum</strong></span> <span class='ocrx_word' id='word_1_166' title='bbox 646 3000 695 3068; x_wconf 88' lang='lat' dir='ltr'><strong>de</strong></span> <span class='ocrx_word' id='word_1_167' title='bbox 718 2999 1115 3091; x_wconf 81' lang='lat' dir='ltr'><strong>tragoediis-universe</strong></span> <span class='ocrx_word' id='word_1_168' title='bbox 1139 3001 1194 3069; x_wconf 86' lang='lat' dir='ltr'><strong>lo·</strong></span> 
     </span>
     <span class='ocr_line' id='line_1_27' title="bbox 152 3099 1193 3192; baseline 0.002 -24"><span class='ocrx_word' id='word_1_169' title='bbox 152 3100 313 3191; x_wconf 72' lang='lat' dir='ltr'><strong>eluimur,</strong></span> <span class='ocrx_word' id='word_1_170' title='bbox 353 3101 431 3170; x_wconf 87' lang='lat' dir='ltr'><strong>iure</strong></span> <span class='ocrx_word' id='word_1_171' title='bbox 463 3099 500 3168; x_wconf 92' lang='lat' dir='ltr'><strong>in</strong></span> <span class='ocrx_word' id='word_1_172' title='bbox 534 3122 659 3172; x_wconf 88' lang='lat' dir='ltr'><strong>earum</strong></span> <span class='ocrx_word' id='word_1_173' title='bbox 683 3121 872 3170; x_wconf 86' lang='lat' dir='ltr'><strong>numerum</strong></span> <span class='ocrx_word' id='word_1_174' title='bbox 896 3102 1035 3171; x_wconf 85' lang='lat' dir='ltr'><strong>referre</strong></span> <span class='ocrx_word' id='word_1_175' title='bbox 1061 3102 1193 3192; x_wconf 85' lang='lat' dir='ltr'><strong>poteri·</strong></span> 
     </span>
     <span class='ocr_line' id='line_1_28' title="bbox 151 3198 1194 3293; baseline 0.003 -23"><span class='ocrx_word' id='word_1_176' title='bbox 151 3222 233 3271; x_wconf 87' lang='lat' dir='ltr'><strong>mus</strong></span> <span class='ocrx_word' id='word_1_177' title='bbox 273 3208 310 3270; x_wconf 90' lang='lat' dir='ltr'><strong>et</strong></span> <span class='ocrx_word' id='word_1_178' title='bbox 348 3198 547 3292; x_wconf 86' lang='lat' dir='ltr'><strong>Phryaiohi</strong></span> <span class='ocrx_word' id='word_1_179' title='bbox 579 3201 824 3293; x_wconf 86' lang='lat' dir='ltr'><strong>Aeschyliqua</strong></span> <span class='ocrx_word' id='word_1_180' title='bbox 864 3224 910 3272; x_wconf 89' lang='lat' dir='ltr'><strong>ac</strong></span> <span class='ocrx_word' id='word_1_181' title='bbox 940 3201 1194 3292; x_wconf 83' lang='lat' dir='ltr'><strong>Lycophronis</strong></span> 
     </span>
     <span class='ocr_line' id='line_1_29' title="bbox 150 3302 1192 3394; baseline 0.003 -23"><span class='ocrx_word' id='word_1_182' title='bbox 150 3302 296 3372; x_wconf 83' lang='lat' dir='ltr'><strong>fabulas</strong></span> <span class='ocrx_word' id='word_1_183' title='bbox 327 3311 545 3374; x_wconf 84' lang='lat' dir='ltr'><strong>memoratas</strong></span> <span class='ocrx_word' id='word_1_184' title='bbox 585 3309 622 3373; x_wconf 91' lang='lat' dir='ltr'><strong>et</strong></span> <span class='ocrx_word' id='word_1_185' title='bbox 653 3302 900 3373; x_wconf 87' lang='lat' dir='ltr'><strong>Rornanorum</strong></span> <span class='ocrx_word' id='word_1_186' title='bbox 932 3311 1192 3394; x_wconf 82' lang='lat' dir='ltr'><strong>praetextatas,</strong></span> 
     </span>
     <span class='ocr_line' id='line_1_30' title="bbox 152 3405 1192 3497; baseline 0.003 -24"><span class='ocrx_word' id='word_1_187' title='bbox 152 3424 303 3495; x_wconf 73' lang='lat' dir='ltr'><strong>quarm</strong></span> <span class='ocrx_word' id='word_1_188' title='bbox 341 3405 460 3474; x_wconf 83' lang='lat' dir='ltr'><strong>exitas</strong></span> <span class='ocrx_word' id='word_1_189' title='bbox 485 3418 674 3496; x_wconf 85' lang='lat' dir='ltr'><strong>practerea</strong></span> <span class='ocrx_word' id='word_1_190' title='bbox 698 3407 908 3497; x_wconf 84' lang='lat' dir='ltr'><strong>plerumque</strong></span> <span class='ocrx_word' id='word_1_191' title='bbox 933 3405 1053 3475; x_wconf 83' lang='lat' dir='ltr'><strong>tristes</strong></span> <span class='ocrx_word' id='word_1_192' title='bbox 1076 3406 1192 3476; x_wconf 86' lang='lat' dir='ltr'><strong>fuisse</strong></span> 
     </span>
    </p>

    <p class='ocr_par' dir='ltr' id='par_1_3' title="bbox 151 3503 1193 3593">
     <span class='ocr_line' id='line_1_31' title="bbox 151 3503 1193 3593; baseline 0.005 -20"><span class='ocrx_word' id='word_1_193' title='bbox 151 3506 337 3592; x_wconf 79' lang='lat' dir='ltr'><strong>videntur,</strong></span> <span class='ocrx_word' id='word_1_194' title='bbox 378 3512 418 3576; x_wconf 90' lang='lat' dir='ltr'><strong>ut</strong></span> <span class='ocrx_word' id='word_1_195' title='bbox 454 3527 531 3576; x_wconf 89' lang='lat' dir='ltr'><strong>non</strong></span> <span class='ocrx_word' id='word_1_196' title='bbox 564 3508 683 3578; x_wconf 76' lang='lat' dir='ltr'><strong>solam</strong></span> <span class='ocrx_word' id='word_1_197' title='bbox 713 3506 881 3578; x_wconf 80' lang='lat' dir='ltr'><strong>Senecae</strong></span> <span class='ocrx_word' id='word_1_198' title='bbox 915 3503 1070 3578; x_wconf 82' lang='lat' dir='ltr'><strong>Octavia</strong></span> <span class='ocrx_word' id='word_1_199' title='bbox 1077 3556 1090 3593; x_wconf 92' lang='lat'><strong>,</strong></span> <span class='ocrx_word' id='word_1_200' title='bbox 1122 3507 1193 3578; x_wconf 85' lang='lat' dir='ltr'><strong>sed</strong></span> 
     </span>
    </p>
   </div>
   <div class='ocr_carea' id='block_1_3' title="bbox 148 3770 1191 4269">
    <p class='ocr_par' dir='ltr' id='par_1_4' title="bbox 148 3770 1191 4269">
     <span class='ocr_line' id='line_1_32' title="bbox 151 3770 1190 3856; baseline 0.003 -26"><span class='ocrx_word' id='word_1_201' title='bbox 151 3770 377 3844; x_wconf 69' lang='lat' dir='ltr'><strong>iatrodmuotur,</strong></span> <span class='ocrx_word' id='word_1_202' title='bbox 391 3781 424 3832; x_wconf 88' lang='lat' dir='ltr'><strong>nt</strong></span> <span class='ocrx_word' id='word_1_203' title='bbox 434 3774 576 3835; x_wconf 78' lang='lat' dir='ltr'><strong>Pacuuiae</strong></span> <span class='ocrx_word' id='word_1_204' title='bbox 587 3775 752 3856; x_wconf 79' lang='lat' dir='ltr'><strong>tragoediae</strong></span> <span class='ocrx_word' id='word_1_205' title='bbox 764 3774 924 3834; x_wconf 84' lang='lat' dir='ltr'><strong>nominihus</strong></span> <span class='ocrx_word' id='word_1_206' title='bbox 933 3773 1056 3833; x_wconf 86' lang='lat' dir='ltr'><strong>heroicis</strong></span> <span class='ocrx_word' id='word_1_207' title='bbox 1067 3774 1190 3854; x_wconf 80' lang='lat' dir='ltr'><strong>scripsit,</strong></span> 
     </span>
     <span class='ocr_line' id='line_1_33' title="bbox 150 3856 1191 3940; baseline 0.003 -25"><span class='ocrx_word' id='word_1_208' title='bbox 150 3856 294 3928; x_wconf 75' lang='lat' dir='ltr'><strong>Oresteae,</strong></span> <span class='ocrx_word' id='word_1_209' title='bbox 323 3858 457 3934; x_wconf 71' lang='lat' dir='ltr'><strong>Chdscu,</strong></span> <span class='ocrx_word' id='word_1_210' title='bbox 491 3867 521 3918; x_wconf 92' lang='lat' dir='ltr'><strong>et</strong></span> <span class='ocrx_word' id='word_1_211' title='bbox 547 3858 591 3918; x_wconf 73' lang='lat' dir='ltr'><strong>oie</strong></span> <span class='ocrx_word' id='word_1_212' title='bbox 613 3859 722 3919; x_wconf 82' lang='lat' dir='ltr'><strong>sinilia.</strong></span> <span class='ocrx_word' id='word_1_213' title='bbox 765 3859 797 3940; x_wconf 86' lang='lat' dir='ltr'><strong>lo</strong></span> <span class='ocrx_word' id='word_1_214' title='bbox 819 3865 1000 3938; x_wconf 81' lang='lat' dir='ltr'><strong>praetextata</strong></span> <span class='ocrx_word' id='word_1_215' title='bbox 1021 3866 1113 3918; x_wconf 69' lang='lat' dir='ltr'><strong>amoro</strong></span> <span class='ocrx_word' id='word_1_216' title='bbox 1135 3879 1191 3938; x_wconf 85' lang='lat' dir='ltr'><strong>qua</strong></span> 
     </span>
     <span class='ocr_line' id='line_1_34' title="bbox 150 3940 1191 4016; baseline 0.004 -16"><span class='ocrx_word' id='word_1_217' title='bbox 150 3940 342 4001; x_wconf 71' lang='lat' dir='ltr'><strong>inncdbmtur</strong></span> <span class='ocrx_word' id='word_1_218' title='bbox 362 3944 477 4003; x_wconf 74' lang='lat' dir='ltr'><strong>nonina</strong></span> <span class='ocrx_word' id='word_1_219' title='bbox 496 3943 617 4016; x_wconf 69' lang='lat' dir='ltr'><strong>ladon,</strong></span> <span class='ocrx_word' id='word_1_220' title='bbox 640 3951 672 4003; x_wconf 91' lang='lat' dir='ltr'><strong>ut</strong></span> <span class='ocrx_word' id='word_1_221' title='bbox 691 3945 797 4004; x_wconf 81' lang='lat' dir='ltr'><strong>llrutuo</strong></span> <span class='ocrx_word' id='word_1_222' title='bbox 817 3944 863 4005; x_wconf 86' lang='lat' dir='ltr'><strong>vel</strong></span> <span class='ocrx_word' id='word_1_223' title='bbox 885 3945 1033 4015; x_wconf 81' lang='lat' dir='ltr'><strong>Decios,“</strong></span> <span class='ocrx_word' id='word_1_224' title='bbox 1066 3944 1108 4003; x_wconf 90' lang='lat' dir='ltr'><strong>sic</strong></span> <span class='ocrx_word' id='word_1_225' title='bbox 1128 3943 1191 4004; x_wconf 81' lang='lat' dir='ltr'><strong>sere</strong></span> 
     </span>
     <span class='ocr_line' id='line_1_35' title="bbox 150 4027 1189 4110; baseline 0.003 -26"><span class='ocrx_word' id='word_1_226' title='bbox 150 4027 341 4086; x_wconf 77' lang='lat' dir='ltr'><strong>emendandus</strong></span> <span class='ocrx_word' id='word_1_227' title='bbox 362 4035 421 4086; x_wconf 81' lang='lat' dir='ltr'><strong>est:</strong></span> <span class='ocrx_word' id='word_1_228' title='bbox 451 4029 597 4110; x_wconf 72' lang='lat' dir='ltr'><strong>„Togata</strong></span> <span class='ocrx_word' id='word_1_229' title='bbox 622 4035 804 4108; x_wconf 82' lang='lat' dir='ltr'><strong>praetextata</strong></span> <span class='ocrx_word' id='word_1_230' title='bbox 828 4044 852 4087; x_wconf 77' lang='lat' dir='ltr'><strong>e·</strong></span> <span class='ocrx_word' id='word_1_231' title='bbox 869 4029 1021 4110; x_wconf 72' lang='lat' dir='ltr'><strong>tragoedia</strong></span> <span class='ocrx_word' id='word_1_232' title='bbox 1042 4027 1189 4087; x_wconf 77' lang='lat' dir='ltr'><strong>differt-</strong></span> 
     </span>
     <span class='ocr_line' id='line_1_36' title="bbox 150 4110 1187 4192; baseline -0.004 -16"><span class='ocrx_word' id='word_1_233' title='bbox 150 4110 293 4186; x_wconf 68' lang='lat' dir='ltr'><strong>imao,</strong></span> <span class='ocrx_word' id='word_1_234' title='bbox 323 4113 465 4190; x_wconf 79' lang='lat' dir='ltr'><strong>Chrysen,</strong></span> <span class='ocrx_word' id='word_1_235' title='bbox 491 4121 521 4172; x_wconf 85' lang='lat' dir='ltr'><strong>et</strong></span> <span class='ocrx_word' id='word_1_236' title='bbox 541 4113 585 4172; x_wconf 84' lang='lat' dir='ltr'><strong>hia</strong></span> <span class='ocrx_word' id='word_1_237' title='bbox 606 4113 721 4186; x_wconf 81' lang='lat' dir='ltr'><strong>similia3</strong></span> <span class='ocrx_word' id='word_1_238' title='bbox 742 4113 771 4172; x_wconf 91' lang='lat' dir='ltr'><strong>iu</strong></span> <span class='ocrx_word' id='word_1_239' title='bbox 793 4120 974 4192; x_wconf 84' lang='lat' dir='ltr'><strong>praetaxtata</strong></span> <span class='ocrx_word' id='word_1_240' title='bbox 995 4120 1103 4186; x_wconf 79' lang='lat' dir='ltr'><strong>anton,</strong></span> <span class='ocrx_word' id='word_1_241' title='bbox 1129 4131 1187 4192; x_wconf 75' lang='lat' dir='ltr'><strong>quo</strong></span> 
     </span>
     <span class='ocr_line' id='line_1_37' title="bbox 148 4195 966 4269; baseline 0.006 -15"><span class='ocrx_word' id='word_1_242' title='bbox 148 4195 339 4256; x_wconf 71' lang='lat' dir='ltr'><strong>inscribuntur</strong></span> <span class='ocrx_word' id='word_1_243' title='bbox 359 4197 472 4264; x_wconf 77' lang='lat' dir='ltr'><strong>contire</strong></span> <span class='ocrx_word' id='word_1_244' title='bbox 491 4197 606 4269; x_wconf 71' lang='lat' dir='ltr'><strong>latino,</strong></span> <span class='ocrx_word' id='word_1_245' title='bbox 627 4199 733 4257; x_wconf 79' lang='lat' dir='ltr'><strong>Brutus</strong></span> <span class='ocrx_word' id='word_1_246' title='bbox 753 4197 799 4259; x_wconf 79' lang='lat' dir='ltr'><strong>vel</strong></span> <span class='ocrx_word' id='word_1_247' title='bbox 819 4197 966 4258; x_wconf 58' lang='lat' dir='ltr'><strong>Dociw&#39;</strong></span> 
     </span>
    </p>
   </div>
   <div class='ocr_carea' id='block_1_4' title="bbox 0 0 1474 4848">
    <p class='ocr_par' dir='ltr' id='par_1_5' title="bbox 0 0 1474 4848">
     <span class='ocr_line' id='line_1_38' title="bbox 0 0 1474 4848; baseline 0 2"><span class='ocrx_word' id='word_1_248' title='bbox 0 0 1474 4848; x_wconf 95' lang='lat' dir='ltr'><strong> </strong></span> 
     </span>
    </p>
   </div>
  </div>
 </body>
</html>
