2940 4838
271 369 362 452 tot

751 546 826 608 vul.

348 665 468 727 *Nonius
497 685 526 743 p.
549 669 610 727 279
637 663 682 725 st.
708 664 814 726 Mem:
848 666 1063 748 „Deponere
1098 673 1144 730 est
1174 687 1310 729 sommen-

276 755 353 815 dsre.
373 787 418 800 -
438 747 573 810 Afranius
593 748 623 808 in
645 748 789 829 Epistola:

325 829 490 956 Amiref
511 834 647 906 hebere
672 825 825 926 piretum
850 837 1052 930 depositrtm
1076 837 1214 910 feris.“

768 987 820 1048 ΙΧ.

360 1102 469 1163 Nonius
490 1124 518 1185 p.
535 1109 596 1168 375
611 1104 655 1164 ed.
677 1105 780 1165 Mero:
803 1107 1019 1181 „Protinns,
1039 1106 1198 1187 ubicunqne
1214 1105 1314 1166 ieetnm

278 1195 337 1260 est,
365 1196 465 1248 contro
486 1209 567 1250 usum
588 1190 748 1250 intellectus
770 1191 937 1264 eommunis,
959 1211 1014 1272 qno
1036 1193 1130 1252 stetim
1153 1189 1315 1274 significare

278 1274 417 1345 ereditur,
448 1275 568 1358 positum
591 1274 748 1347 invenitur,
780 1283 813 1336 ut
833 1276 872 1336 sit
892 1276 1061 1356 protinus
1087 1296 1173 1358 porro
1200 1276 1315 1336 sosine

278 1358 499 1433 intermissione,
522 1359 671 1432 continuo,
704 1361 779 1439 quod
799 1361 923 1420 iunetmn
945 1368 1049 1420 tenus
1070 1362 1131 1422 eins
1152 1359 1315 1443 significen-

230 1495 234 1509 .
278 1442 345 1503 tiens
367 1441 515 1505 confirmat
535 1445 669 1505 adverbii.
712 1445 849 1527 Virgilius
870 1464 997 1524 nemque,
1020 1446 1049 1505 in
1067 1466 1233 1527 quoeunque
1253 1446 1315 1505 loeo

278 1535 455 1609 protenus
475 1529 584 1609 posuit,
617 1529 668 1588 suh
696 1529 751 1588 troc
771 1550 856 1590 sensu
878 1531 1091 1612 intelligendum
1113 1531 1236 1610 reliquit.
1278 1531 1316 1591 Et
1443 1565 1444 1568 η

279 1613 409 1692 quonism
433 1615 559 1672 nonnulii
579 1621 705 1692 reternm
728 1634 779 1694 pro
802 1636 846 1689 eo,
869 1615 943 1695 qnod
966 1616 1133 1696 protinus
1155 1622 1217 1687 est,
1238 1635 1315 1694 pro-

280 1699 387 1757 tinam
408 1698 453 1758 vei
475 1697 636 1778 protinis
657 1707 873 1773 converterunt,
906 1701 1034 1779 exempla
1060 1701 1096 1761 de
1121 1701 1165 1760 iris
1186 1719 1315 1760 neeesse·

279 1783 323 1843 rio
344 1784 520 1864 decerpendo
540 1791 615 1842 sunt.
658 1783 793 1844 Afranius
814 1785 843 1844 in
866 1785 1007 1864 Epistola:

531 1909 581 1920 -
608 1865 848 1940 comissatum
871 1871 1031 1963 proteris
1051 1861 1152 1942 rectis
1172 1872 1316 1942 domurn

330 1959 603 2062 Digredimurf‘
626 2009 675 2022 —

282 2071 521 2134 comissatum
541 2072 630 2131 Mete.
646 2071 731 2132 Both.
745 2071 928 2152 Antiquiores
944 2072 1146 2133 commisso:
1165 2072 1263 2133 Tum.
1275 2103 1316 2116 -

281 2156 457 2238 proteris.
480 2157 578 2236 Steph.
600 2156 770 2237 profluis,
798 2158 874 2236 qnod
901 2165 1058 2218 eorreetnm
1086 2158 1207 2219 videtur.
1229 2157 1317 2215 Mero.
1445 2153 1446 2184 ³

198 2302 201 2310 ,
281 2243 366 2314 Both.
392 2241 572 2321 protinus.
619 2243 665 2301 Ex
686 2242 771 2302 Nonii
791 2241 885 2303 verbis
905 2241 1082 2303 menifestum
1103 2249 1163 2314 est,
1190 2261 1252 2301 eum
1274 2240 1318 2300 irie

281 2334 390 2388 tentum
420 2324 571 2387 formarum
598 2327 757 2406 protinis
784 2334 814 2387 et
842 2328 1023 2407 protinam
1049 2329 1108 2403 vel,
1139 2327 1214 2407 quod
1245 2325 1317 2385 idem

283 2419 336 2484 est,
358 2411 513 2493 protenis
535 2418 564 2470 et
585 2420 772 2490 protenem
794 2413 923 2492 exempto
943 2409 1101 2493 proponere
1121 2411 1255 2478 voluisse.
1286 2411 1317 2469 in

282 2497 418 2569 eseteris,
440 2516 511 2575 qnos
532 2495 626 2568 effert,
647 2497 718 2556 loeis
740 2497 867 2558 omnibns
889 2497 1069 2576 protinam
1090 2502 1259 2557 exstet-
1286 2495 1318 2554 Ιιι

283 2582 354 2644 Ven.
369 2581 392 2642 1.
409 2581 446 2642 ΙΙ.
467 2581 536 2643 Psr.
557 2581 645 2661 veris
665 2583 710 2641 Et
730 2582 894 2662 quonism
916 2589 971 2642 ete.
993 2602 1049 2644 non
1070 2581 1260 2662 reperiuntur.

786 2699 824 2760 X.

368 2815 478 2876 Nonius
498 2837 527 2897 p.
546 2822 608 2878 409
630 2816 674 2878 ed.
696 2817 799 2878 Mero:
829 2817 1009 2894 „Tristim
1042 2818 1143 2880 irstns.
1184 2816 1318 2878 Airsoins

282 2904 312 2964 in
333 2901 477 2983 Epistola:

333 2977 497 3060 Jaetivit
522 3007 622 3058 sese:
648 2978 769 3058 iintet
800 2984 894 3059 Mihi
920 2989 989 3060 erit
1012 2979 1162 3075 tristior,

284 3090 314 3151 io
335 3097 394 3166 est,
423 3087 553 3148 irotior.“
596 3089 771 3157 isetovit.
803 3090 1009 3151 Toubmonnus
1034 3091 1070 3150 on
1104 3090 1197 3151 l’lsnt
1224 3088 1319 3149 Cssin.

284 3177 320 3236 ΙΙ.
336 3181 424 3238 3.·14
446 3172 621 3235 Jsetsbit.

776 3292 829 3353 xl.

369 3410 478 3471 Nonius
499 3409 615 3470 ibidem:
638 3410 740 3482 „idem
761 3411 790 3472 in
813 3411 925 3472 eedem:

336 3493 436 3568 Idem
462 3502 591 3566 natura
616 3486 767 3567 tristiori
796 3497 995 3590 pruillulo.“

286 3600 380 3660 idem
402 3603 540 3659 neturs.
569 3599 667 3676 Steph.
688 3599 839 3671 Notnre,
867 3599 971 3659 omisso
998 3599 1101 3659 Idem.
1122 3630 1166 3644 -
1186 3598 1323 3661 Nature

287 3683 439 3745 tristior
458 3701 517 3742 non
536 3689 582 3744 est
601 3682 711 3756 iretior,
732 3684 784 3744 sed
804 3684 939 3746 severior.

772 3801 838 3863 xil.

373 3917 482 3980 Nonius
502 3938 530 3999 p.
544 3925 606 3982 482
628 3919 673 3981 ed.
694 3920 798 3982 Mero:
820 3920 970 3995 „callet
990 3920 1089 3982 illem
1110 3941 1182 3981 rem
1203 3941 1256 4000 pro
1277 3919 1323 3978 ills

290 4027 331 4067 re.
351 4039 395 4050 —
414 4003 548 4065 Asterius
568 4004 598 4063 in
619 4004 762 4085 Epistola:

339 4091 572 4184 Quemquam
596 4081 712 4162 istaes
737 4091 917 4164 malititsa
942 4115 1016 4164 non
1040 4097 1114 4162 tom
1139 4089 1266 4176 milles,

341 4192 484 4266 Temen
508 4192 581 4264 min
605 4190 779 4268 fefeliii“
803 4235 853 4246 -
