2932 4842
1145 363 1200 463 8ss

159 539 258 600 lloem.
270 538 386 600 Bnebne
407 536 445 597 im
460 536 601 597 Zeitnlter
621 536 672 596 der
689 535 805 610 Cicero,
827 538 855 597 in
869 538 947 619 Allg.
964 539 1111 620 Sebulntg.
1133 559 1200 600 eon.
1287 569 1294 583 ι

161 632 252 686 18δῖ.
277 623 312 683 ΙΙ.
333 627 384 684 45.
406 644 434 702 p.
449 626 526 695 35³,
548 622 704 702 Aesopum,
726 629 760 684 ut
778 642 890 685 versum
912 624 948 682 od
969 623 1135 684 Ciceronem
1157 643 1201 684 re·

158 709 235 769 ferre
257 715 369 791 posset,
391 707 520 786 proelio
541 707 669 779 nomine,
692 708 767 787 quod
788 727 806 767 a
827 714 912 786 potito
933 706 1090 787 profectum
1105 707 1200 781 luerit,

159 793 251 853 Tullii
278 793 493 873 pronuntiasse,
524 792 670 853 iuvenum
698 811 856 866 nonense,
886 793 1034 870 exipsius
1056 792 1203 853 ciceronis

159 879 252 941 verbis
279 879 390 938 elucere
412 884 490 956 pnto.
534 877 685 936 Caeterum
706 879 760 936 boc
780 875 899 958 fragm„
930 884 964 936 nt
984 877 1033 950 V.,
1064 879 1203 957 prolatum

158 965 271 1026 videtur
291 963 320 1022 in
342 962 546 1022 deliberatione
565 962 603 1022 do
625 961 845 1021 administrando
866 962 1018 1040 republica.

664 1113 699 1174 V.

245 1233 337 1294 Vorro
364 1233 400 1292 ‹le
420 1232 456 1292 L.
478 1232 515 1292 1..
538 1232 572 1292 V.
597 1239 645 1293 14.
673 1253 701 1310 p.
719 1236 758 1294 85
781 1232 826 1290 cd.
849 1232 1000 1314 Spengel:
1041 1232 1204 1303 „Consul

160 1319 334 1388 noninetus,
357 1317 404 1397 qui
426 1317 587 1376 consuleret
608 1317 740 1396 populum
761 1321 791 1376 ct
811 1323 954 1390 senotum3
981 1316 1036 1375 nisi
1057 1317 1134 1377 illinc
1153 1338 1205 1396 po-

161 1405 235 1476 tius,
265 1404 341 1465 unde
361 1402 457 1462 Attiru
477 1403 519 1462 nit
539 1402 695 1475 lubenter

263 1545 314 1557 —
340 1504 416 1581 Qui
440 1511 539 1574 recte
565 1501 748 1589 consulat,
782 1494 911 1599 consid
936 1503 1077 1574 cluat.“

161 1622 290 1682 consul
310 1619 418 1680 cluet.
451 1621 541 1680 cono.
561 1619 688 1699 plerique
711 1619 915 1680 consulciot
934 1622 980 1682 vel
1002 1620 1204 1696 consulein3

162 1707 290 1766 nonnulli
312 1706 439 1765 eonnul
461 1703 539 1777 liet,
561 1724 634 1783 quoe
648 1705 926 1786 eetvnlgntelectio.
969 1706 1036 1764 Ant.
1050 1707 1203 1788 Augustin.

162 1793 224 1851 los.
247 1791 355 1872 Scnlig.
377 1791 414 1849 nd
436 1791 516 1849 Vorr.
539 1789 574 1849 tle
595 1790 631 1849 L.
649 1790 685 1848 L.
703 1791 737 1848 V.
760 1811 787 1869 p.
799 1794 840 1851 75
863 1789 907 1848 ed.
924 1789 987 1869 Bip.
1010 1791 1088 1851 Delr.
1111 1793 1205 1852 Serio.

162 1878 247 1935 Voss.
277 1875 398 1954 Etymol.
424 1896 451 1936 v.
479 1875 630 1946 Consul,
666 1875 750 1934 Botb.
783 1875 910 1933 conoul
937 1873 1025 1934 funt.
1074 1876 1204 1936 Turneb.

163 1959 371 2021 consulebat.
415 1959 548 2018 Niebuhr.
571 1959 654 2018 [list.
667 1960 748 2019 Rom.
772 1960 812 2018 Τ.
827 1960 849 2018 Ι.
871 1979 899 2038 p.
913 1963 973 2030 543
997 1959 1041 2018 ed.
1063 1962 1099 2019 ll.
1126 1979 1204 2019 con·
1239 1993 1242 1999 ·

162 2046 219 2106 sul
241 2045 321 2104 siet.
364 2045 427 2102 Non
450 2045 546 2126 egitur
566 2044 603 2104 do
626 2063 675 2117 eo,
703 2044 769 2122 quid
790 2042 841 2104 fiat
862 2051 912 2103 eut
931 2043 1019 2103 feoiot
1040 2052 1090 2104 eut
1110 2043 1148 2103 nit
1168 2046 1204 2119 in,

163 2131 212 2209 qui
233 2137 311 2190 recte
333 2130 477 2201 consulut,
500 2130 551 2189 ned
571 2128 710 2207 quomodo
732 2129 897 2208 appelletur.
940 2128 1022 2189 Unde
1043 2137 1135 2209 potet,
1156 2149 1205 2190 vo·

162 2215 303 2274 ricuinum
331 2233 395 2273 esse
417 2209 532 2288 cluntj
559 2214 633 2293 quod
655 2213 802 2295 indrgovit
822 2213 979 2273 Polmerius
1001 2215 1030 2273 in
1052 2215 1204 2296 spicileg„

164 2301 248 2360 Grut.
267 2299 357 2358 Tben.
380 2297 443 2359 crit.
465 2300 505 2360 T.
523 2299 569 2359 lV.
591 2320 619 2377 p.
632 2305 711 2370 712,
739 2299 877 2380 probante
898 2299 1047 2381 Scaligero
1069 2301 1105 2358 nol
1126 2300 1204 2359 Fert.

111 2409 113 2414 ·
163 2406 193 2446 v.
216 2383 401 2444 Consules.
