2938 4848
1144 363 1197 442 ll

156 540 346 614 restituas:
393 538 711 635 „Tegeatarum
749 537 887 632 duplex
920 559 1055 634 mus:
1096 561 1200 634 prae·

158 653 352 733 textorum,
379 645 425 715 ab
451 643 638 716 hominum
662 641 813 736 fastigio
839 661 936 736 quae
960 641 1200 734 appellantur,

152 748 249 840 quod
283 745 380 839 togis
411 747 611 837 praetextis
636 765 749 836 remp.
783 743 1076 816 administrantes
1096 752 1201 816 utan-

156 859 231 937 tnr3
254 847 558 934 tabernariarum,
584 846 774 940 quiscum
795 847 915 918 minus
941 845 1202 918 excellentibus

155 951 265 1020 etiam
291 948 446 1019 humiles
472 971 672 1040 personae,
698 954 741 1017 ut
765 947 951 1040 plagiarii,
978 949 1077 1019 servi
1102 948 1203 1018 deni·

154 1073 224 1144 que
252 1057 289 1120 et
314 1071 510 1142 caupones,
538 1073 586 1124 ex
611 1049 771 1121 tabernis
796 1049 949 1120 honeste
968 1051 1147 1141 prodeant
1164 1050 1203 1120 ln

155 1157 379 1223 scaenamf‘*
404 1152 451 1222 In
476 1151 534 1222 his
560 1173 657 1221 enm
683 1151 832 1222 minus
859 1160 896 1220 et
921 1152 965 1222 in
990 1173 1203 1222 scaenam

155 1254 225 1344 ipsi
257 1253 529 1346 indagavimus3
568 1261 715 1324 caetera
746 1252 807 1324 Jo.
840 1249 985 1324 Valent.
1018 1254 1203 1324 Franckio

157 1357 344 1427 debemus.
395 1350 546 1424 Minus
588 1354 879 1425 excellentes
914 1351 1038 1450 (quam
1063 1355 1108 1442 ii,
1142 1355 1205 1448 qni

158 1457 194 1527 in
226 1456 363 1527 fabulis
395 1456 652 1547 praetextatis,
693 1457 741 1526 de
772 1457 903 1550 quibus
936 1456 1069 1528 Festus
1094 1458 1223 1528 modo,

158 1559 302 1629 loeutus
328 1563 402 1644 est,
434 1558 725 1655 introducuntur)
752 1564 838 1630 sunt
869 1558 1035 1630 homines
1059 1558 1204 1650 privati,

158 1660 310 1730 honeste
336 1666 458 1730 tamen
483 1659 668 1748 viventes3
693 1659 890 1732 humiles
915 1666 1001 1732 snut
1024 1660 1203 1754 plagiarii,

158 1763 269 1848 servi,
296 1762 457 1848 lenones,
484 1760 547 1832 alii
573 1761 680 1832 huius
707 1761 862 1854 generis.
916 1759 1029 1840 Quod
1054 1761 1204 1834 Diome·

159 1865 224 1934 des
250 1885 324 1934 non
348 1862 438 1935 lacit
461 1862 655 1934 discrimen
679 1861 775 1934 inter
798 1863 964 1934 homines
988 1863 1144 1937 humiles
1169 1870 1207 1936 et

159 1965 334 2056 privatos,
362 1987 407 2034 eo
433 1965 612 2035 neminem
639 1960 817 2036 offensum
841 1965 887 2034 iri
912 1972 1011 2056 puto.
1063 1963 1205 2054 Restat,

159 2075 199 2137 nt
225 2066 400 2136 afferatur
420 2065 592 2137 Euanthii
613 2069 716 2138 locus
731 2066 817 2161 ¹⁵²):
844 2065 1131 2156 „Tabernarias,
1159 2069 1206 2140 ab

159 2167 362 2239 humilitate
389 2168 592 2261 argumenti
617 2179 653 2239 et
678 2169 751 2238 stili
758 2175 796 2257 ,⁶⁶
823 2191 872 2239 ex
896 2191 969 2262 quo
997 2170 1034 2240 id
1059 2171 1207 2264 quidem

160 2279 278 2363 patet,
320 2269 352 2340 si
383 2269 519 2340 homile
560 2277 813 2363 argumentum
851 2270 1068 2363 humilisque
1102 2271 1207 2344 stilus

160 2373 369 2444 fabularum
416 2373 706 2443 tabernariarum
746 2378 848 2441 erant
890 2374 1054 2463 propria,
1097 2375 1206 2446 etiam

160 2475 327 2549 homiues
354 2473 508 2546 humiles
533 2476 570 2544 in
596 2475 640 2545 iis
666 2474 906 2566 processisse,
940 2475 1117 2567 sinrulque
1141 2475 1207 2546 ho·
1303 2495 1307 2508 ’

160 2599 241 2647 rum
277 2575 460 2647 aediculas
492 2577 531 2647 in
562 2574 696 2648 scaena
722 2577 946 2668 apparuisse.
998 2574 1206 2670 Caeterum,

36 2865 39 2871 ·
162 2829 302 2910 privatum
334 2834 529 2910 argumentum
558 2836 617 2902 est,
655 2828 721 2909 quis
754 2829 894 2890 hominum
923 2826 1042 2912 fastigia
1072 2830 1209 2909 quaedam

164 2922 239 2973 sunt.
283 2914 532 2973 Praetextaturum
562 2914 716 2995 publicum,
745 2915 819 2994 quod
841 2913 919 2996 togis
941 2914 1099 2994 praetextis
1119 2935 1208 2995 remp.

164 2998 370 3058 administrent.
399 2999 650 3070 Tabernsriarum,
672 2999 880 3079 quiapersonis
897 2999 1102 3060 excellentibus
1124 3000 1209 3064 etiem

165 3084 282 3143 humiles
304 3084 405 3143 mistae
426 3104 584 3164 caupones,
612 3085 761 3166 plagiarii,
792 3085 868 3145 servi
890 3085 1011 3163 denique
1040 3091 1070 3144 et
1091 3085 1209 3145 lenones

166 3169 194 3228 in
218 3169 344 3228 tabernis
361 3169 646 3250 honesteprodeant,
667 3170 777 3229 mistum
800 3178 997 3250 argumentum
1018 3171 1094 3228 est.“
1126 3170 1209 3230 Unde

165 3254 280 3314 Delrius
313 3255 463 3336 Syntagm.
497 3262 575 3336 trag.
609 3255 692 3314 Rom.
719 3255 759 3314 Τ.
779 3256 800 3314 Ι.
833 3276 861 3333 p.
877 3263 911 3316 6:
941 3253 1210 3329 „Taberuariarnm

167 3339 284 3398 mixtum
312 3337 366 3397 fuit
393 3349 605 3420 argumentum,
638 3345 667 3400 et
695 3339 724 3398 in
752 3339 787 3399 iis
809 3359 948 3418 personae
979 3345 1097 3419 togatae
1128 3338 1210 3398 simul

167 3425 752 3576 tlttttttttttttttttttt
770 3424 1210 3588 littitt·,ltttt⁰,tttt

167 3588 248 3655 ialtle
270 3593 400 3673 suspicor
420 3594 711 3676 Hilarotragoediam,
739 3595 785 3655 'vel
807 3591 853 3676 (ut
874 3591 1007 3674 Plautus)
1030 3594 1211 3675 Tragicooo-

169 3678 305 3738 moediam
327 3679 449 3752 dictum3
481 3681 556 3759 quod
584 3700 637 3740 nec
658 3680 694 3738 ad
716 3681 903 3761 Tragoediae
925 3679 1094 3762 dignitatem
1115 3699 1211 3744 usur,-

169 3764 271 3845 gebat,
302 3783 356 3823 nec
381 3765 417 3823 ad
449 3763 619 3826 Comoedias
649 3765 831 3824 humilitatem
863 3765 1084 3845 deprimebatur:
1116 3764 1212 3824 huius·

169 3848 244 3907 modi
272 3855 316 3906 est
341 3848 506 3929 Amphitryo
532 3849 643 3921 Plauti,
677 3858 707 3909 et
734 3852 907 3910 Graecorum
935 3849 1074 3909 Hercules
1098 3849 1212 3928 Licym-

170 3933 263 3992 nius.“
307 3934 413 3993 lisdem
438 3934 500 3994 t'ere
528 3936 602 4015 apud
633 3937 701 3995 Ger.
729 3935 776 3993 Jo.
808 3935 939 3994 Vossium
967 3934 1103 3994 instituit.
1135 3938 1212 4013 pott.
1262 3979 1268 3996 ,

169 4019 204 4076 ΙΙ.
225 4026 299 4081 7.7
327 4026 357 4078 et
382 4019 583 4080 Pridcanxium
610 4021 646 4079 ad
667 4021 801 4079 lllarmor.
823 4021 917 4081 Oxou.
938 4042 967 4100 p.
981 4026 1042 4080 206
1064 4020 1213 4100 legantem

169 4121 223 4161 nec
249 4103 337 4162 multo
364 4105 481 4164 meliora
501 4106 575 4185 apud
598 4104 801 4187 Signorellium
822 4105 920 4165 Storia
941 4103 1041 4164 critica
1055 4104 1106 4163 de'
1127 4103 1214 4163 teani

169 4187 230 4247 vlt.
252 4187 305 4246 snb
326 4186 375 4248 lin.
397 4190 533 4269 aliosque.
555 4223 598 4236 -
628 4186 703 4269 152)
726 4189 762 4250 dc
782 4191 900 4251 Fabula.
