2932 4842
1108 384 1203 502 *ssa
1270 441 1272 448 ,

157 563 275 624 librario
308 564 394 624 semel
423 570 530 624 tantum
561 569 608 622 est
631 561 737 642 posita.
763 595 806 608 -··
834 561 1055 640 syntbatieis
1083 561 1204 644 egregie

133 650 282 710 ‚coniecit
308 648 466 709 Palmarius
492 649 522 707 in
550 648 702 729 spicileg„
736 648 819 708 Grut.
841 649 932 706 Thes.
961 646 1024 706 crit.
1052 648 1092 707 T.
1104 648 1152 706 lV.
1173 668 1203 727 p.

156 743 231 798 779.
275 734 356 810 Libri
386 733 461 792 sint
490 741 526 792 et
555 733 658 792 dicis.
701 733 759 791 Pro
781 741 817 792 et
837 732 904 791 lun.
926 751 1016 814 marg.
1038 739 1085 790 ut.
1107 765 1149 776 -
1170 732 1204 792 ln

157 820 228 879 Ven.
251 820 272 877 Ι.
295 820 331 878 ΙΙ.
361 819 429 878 Par.
452 825 482 879 et
508 839 553 898 ap.
577 818 674 898 Stapb.
701 817 788 878 verba
816 817 983 876 Titinius
1010 823 1065 876 ete.
1094 817 1203 877 deside-

156 911 264 965 rantur.
301 937 345 948 -
376 904 625 982 Syntbeticis,
658 903 686 961 id
717 910 778 973 est,
812 903 999 973 coenatoriis,
1032 901 1202 962 domesticis.

160 988 333 1070 intelligitur
355 1008 392 1048 ex
404 989 459 1048 boc
473 988 553 1062 loco,
575 987 723 1066 synthescs
740 987 828 1046 fluisse
850 1007 888 1046 ex
909 987 1065 1046 tunicarum
1086 1005 1204 1069 genere.

156 1075 200 1134 Ad
228 1072 398 1133 sententiam
420 1079 485 1153 apte
506 1073 626 1132 Botlnius
646 1079 758 1144 monet,
795 1072 877 1154 tangi
905 1073 1031 1132 exterius
1058 1071 1200 1152 pulchros,

156 1157 278 1218 interius
299 1158 439 1216 sordidos.

644 1308 719 1367 vui.
747 1367 752 1386 ,

231 1383 344 1486 ¹llesstus
365 1447 392 1487 v.
414 1425 555 1497 liscum,
587 1426 690 1486 Sched.
713 1447 739 1505 p.
754 1432 795 1486 84
817 1425 862 1484 ed.
884 1425 1003 1486 Ducem:
1030 1425 1091 1500 „ln
1113 1427 1202 1486 omni·

158 1513 210 1572 bus
238 1510 300 1570 lere
328 1511 451 1590 antiquis
479 1511 686 1571 commentariis
714 1510 847 1570 scribitur
868 1511 892 1568 0
898 1511 1010 1591 picum
1035 1531 1087 1592 pro
1115 1511 1200 1590 (isco,

157 1603 190 1656 ut
210 1596 240 1656 in
262 1595 366 1656 Titinii
388 1595 485 1656 fabula
507 1595 627 1661 Quinta:

209 1747 286 1828 uui
311 1713 426 1841 (lpice
460 1754 496 1819 et
520 1747 656 1819 Volsce
687 1747 912 1835 fabulentum
951 1739 1037 1818 naim
1068 1747 1201 1820 Latine

688 1851 862 1919 nesciunt.
874 1855 897 1892 ‘⁴

156 1967 274 2030 Paullus
301 1987 338 2026 ex
360 1967 447 2026 Festo
475 1986 502 2026 v.
526 1967 665 2025 liscum:
699 1966 871 2046 „Opicum
902 1985 1014 2045 quoquc
1044 1964 1202 2027 invenimus
1281 2029 1283 2036 ,

158 2072 210 2134 pro
233 2053 317 2112 Osco.
351 2085 392 2096 -
422 2051 567 2109 Titinius:
599 2051 709 2130 (lpiee
736 2061 772 2110 et
792 2050 951 2110 Volsee“
974 2058 1029 2110 cte.
1072 2052 1201 2130 Utroque

158 2139 222 2197 loco
244 2138 318 2216 apud
330 2136 468 2195 Titinium
491 2137 596 2217 legitur
617 2136 723 2206 tlsce,
745 2137 820 2214 quod
839 2136 959 2194 Botlrius
981 2136 1113 2196 servavit.
1142 2129 1201 2196 scd

158 2221 189 2282 id
209 2231 371 2301 corruptum
393 2241 457 2280 esse
479 2228 535 2280 tam
563 2241 600 2279 en
623 2221 699 2278 Festi
722 2239 803 2298 quam
828 2239 864 2279 ex
886 2221 978 2279 Paulli
999 2221 1092 2281 verbis
1115 2241 1200 2301 appu·

158 2315 212 2369 rot.
255 2307 317 2366 Jes.
344 2306 476 2387 Scaliger
506 2306 657 2365 restituere
683 2305 773 2365 voluit
800 2306 948 2385 (ipsuum
979 2305 1054 2384 apud
1075 2307 1199 2379 Festum,

160 2398 189 2454 et
211 2392 325 2470 tlpsce
346 2391 420 2470 apud
433 2390 587 2462 '1¹itinium3
609 2409 682 2467 quae
704 2390 858 2468 scriptura,
881 2391 946 2449 licet
967 2389 996 2449 in
1018 2390 1129 2449 schedis
1149 2410 1200 2450 ex-

158 2483 217 2536 stet
238 2477 359 2550 obsce,
387 2475 432 2534 lic
453 2476 498 2535 vel
519 2481 670 2553 propterea
692 2475 893 2533 dubitationem
914 2481 1023 2546 movet,
1050 2467 1125 2554 quod
1139 2475 1200 2534 'Fe-

159 2568 220 2620 stus
242 2561 337 2640 paullo
359 2568 424 2638 post
444 2559 473 2618 in
496 2561 593 2618 eodem
616 2561 717 2632 verbo,
740 2560 842 2618 Sebed.
863 2581 891 2639 p.
903 2567 958 2631 86,
980 2560 1092 2618 scribit:
1120 2559 1200 2635 „os

158 2666 223 2718 cos,
256 2665 327 2724 quos
354 2645 484 2716 dicimus,
516 2644 557 2702 ait
578 2643 693 2703 Verrius
714 2644 851 2723 0psco‘s
878 2651 963 2702 autea
988 2645 1094 2717 dictos,
1125 2652 1200 2706 teste

159 2731 269 2803 Ennio,
300 2748 382 2808 quum
416 2728 506 2788 dicat:
538 2728 588 2787 De
615 2729 724 2787 muris
752 2749 810 2787 res
831 2729 930 2810 gerit
951 2729 1123 2809 Opscus.“
1166 2730 1200 2790 si

123 2873 125 2876 .
159 2815 232 2876 enim
254 2813 454 2895 grammaticus
475 2813 568 2892 paullo
590 2821 657 2871 ante
679 2813 815 2884 dixisset,
851 2814 941 2873 (lacos
968 2814 1121 2893 antiquitus
1143 2815 1199 2895 op-
1323 2863 1325 2870 .

119 2933 122 2936 ·
158 2919 224 2959 scos
251 2899 408 2978 appellatos
437 2919 518 2968 esse,
548 2898 594 2957 bic
621 2917 678 2957 non
706 2899 780 2956 idem
806 2918 868 2957 enm
894 2898 1078 2977 repetiturum
1110 2897 1199 2960 fuisse

158 2985 304 3064 probabile
331 2991 384 3043 cst.
437 2982 578 3049 Quocirca
599 3002 655 3040 non
679 2982 802 3043 dubitavi
824 3001 885 3041 cum
905 2983 1028 3041 Daccrio
1049 2983 1124 3062 apud
1144 2984 1199 3043 Ti·

161 3068 260 3169 tinium
288 3069 439 3128 restituere
460 3066 585 3148 tlpice;
616 3068 651 3126 de
672 3087 728 3146 quo
748 3068 835 3128 verbo
862 3067 919 3127 vid.
942 3068 1035 3126 Vossii
1055 3069 1199 3146 lltynmlo·

158 3172 255 3236 green.

615 3287 618 3294 .

244 3356 289 3414 lle
319 3354 505 3433 inscriptione
533 3354 616 3412 huius
646 3352 759 3413 fabulae
785 3352 940 3414 Mercarius
970 3355 1006 3412 ad
1036 3352 1138 3434 fragm.
1160 3355 1199 3414 l.=

160 3440 371 3512 „Titinnius
393 3441 425 3497 in
449 3437 603 3520 Quinto)
637 3438 680 3498 lta
700 3438 799 3517 scripsi
822 3445 935 3498 secutus
962 3437 1046 3498 fldem
1066 3438 1201 3499 librorum

160 3523 236 3584 infra
258 3524 350 3604 eapite
372 3532 489 3602 quarto,
522 3524 549 3582 iu
572 3525 624 3582 huc
645 3528 707 3602 ipsa
735 3545 760 3584 v.
784 3523 917 3582 delicat
947 3524 994 3582 ubi
1026 3524 1079 3582 boc
1110 3524 1199 3602 ipsum

161 3611 318 3688 exemplum
341 3609 488 3668 adducitur
509 3629 546 3666 cx
562 3607 685 3667 Titinnii
708 3609 824 3674 Quinto.
847 3628 947 3667 nomen
969 3609 997 3667 id
1019 3607 1130 3668 tabulae
1145 3609 1200 3669 Ti·

161 3694 304 3753 tinnianae
325 3694 527 3752 restituendum
550 3692 624 3751 infra
644 3715 671 3754 v.
694 3694 872 3763 delice're,
894 3692 1082 3767 festinem,
1111 3700 1141 3753 et
1160 3693 1200 3753 li·

161 3779 340 3837 bertatem
370 3778 431 3836 uti.
462 3779 510 3837 ubi
538 3779 623 3850 male,
656 3779 751 3837 libro
782 3778 917 3856 quinto.
959 3778 1066 3837 Mansit
1086 3779 1115 3837 in
1137 3778 1200 3837 Pri·

162 3863 258 3922 sciano
284 3863 448 3921 lib.l'lll.“
490 3864 572 3942 Apud
593 3863 769 3921 Priscianum
791 3881 847 3920 non
870 3869 914 3921 est
942 3862 1035 3922 libro
1065 3863 1200 3941 quinto,

162 3948 254 4008 editur
282 3948 317 4006 in
349 3948 483 4026 quinto.
526 3948 618 4013 Quum
640 3947 715 4006 istud
737 3966 837 4005 nomen
858 3967 910 4027 pro
932 3947 995 4006 libri
1017 3951 1132 4007 numero
1154 3967 1202 4007 ae-
1273 3933 1276 3950 ⁴

162 4032 319 4112 cepissent,
351 4039 451 4112 postea
483 4052 520 4091 ex
547 4033 572 4090 V
602 4040 692 4090 ortum
721 4038 765 4090 est
793 4033 876 4090 etiam
904 4031 943 4090 lV
971 4038 1000 4091 et
1026 4032 1074 4092 Vl.
1118 4031 1200 4091 Vidd.

161 4116 291 4198 lrsgmm.
315 4118 346 4175 V.
370 4117 415 4175 Vl.
459 4118 637 4179 ldemerror
657 4113 786 4176 effecisse
807 4116 933 4188 videtur,
955 4125 987 4174 ut
1002 4117 1076 4197 apud
1086 4116 1202 4176 Festum

163 4199 279 4283 (fragm.
294 4200 383 4283 l'lll.)
405 4201 577 4263 scriberetur
597 4201 737 4281 quinta,
760 4220 843 4280 quum
865 4203 1046 4261 antecederet
1066 4200 1201 4274 fabule,

929 4301 950 4363 9
