2938 4848
1139 370 1196 450 55

36 575 40 590 ·
145 543 226 616 cies
258 550 315 616 est
345 543 553 616 fabularum
585 543 819 634 Latinarum,
859 569 954 638 quae
969 568 1011 619 ,a
1047 547 1203 618 civitate.

146 643 352 732 Oscorum,
379 646 523 734 Atella,
557 647 594 718 in
618 669 692 740 qna
715 647 871 739 primum
894 655 1065 742 coeptae,
1091 649 1195 723 Atel·
1282 671 1285 676 ¹

146 748 259 818 lanae
285 747 401 820 dictae
434 756 517 820 sunt
537 789 605 819 -.
666 747 809 828 auaro
833 750 975 839 species
1001 755 1057 834 est
1080 750 1195 840 plani-

145 850 274 940 pedis,
313 850 376 940 qui
407 844 552 920 Graece
585 849 715 924 dicitur
745 852 886 922 mimus.
897 857 936 920 “,
979 849 1086 930 Quae
1111 874 1194 943 prov

145 951 249 1022 fecto
275 951 362 1020 talia
388 958 489 1038 sunt,
516 959 556 1022 nt
569 940 824 1044 grammaticus
845 973 918 1024 non
936 946 1195 1044 tantumprae·

146 1058 327 1124 tentatam
354 1060 390 1122 et
415 1055 674 1140 tabernariam,
709 1055 776 1127 scd
797 1055 906 1127 etiam
925 1054 1136 1128 Atellanam
1159 1061 1196 1126 et

146 1155 395 1246 planipediam
420 1176 486 1245 pro
513 1156 646 1248 togatis
671 1155 809 1227 habere
832 1157 1010 1240 videatur,
1070 1153 1194 1228 Nihilo

146 1278 240 1329 vero
267 1257 385 1330 minus
410 1255 504 1328 hanc
528 1258 607 1328 eius
628 1259 841 1338 sententiam
866 1279 940 1331 non
965 1279 1065 1346 csse,
1094 1257 1195 1332 colii-

147 1379 240 1450 gere
276 1359 362 1432 licet
398 1361 459 1430 vel
489 1381 535 1430 ex
561 1360 624 1433 illo
653 1359 756 1446 loco,
796 1381 903 1452 quem
934 1382 1052 1450 snpra
1075 1359 1195 1446 attuli-

146 1483 251 1537 mus:
275 1460 413 1550 ,luido
440 1469 596 1554 togatae·
612 1464 824 1544 comoediae
846 1463 1069 1547 dicebantur,
1097 1462 1196 1554 qnod

149 1565 276 1636 omnia
301 1565 339 1635 in
364 1564 528 1653 publico,
561 1563 702 1637 honore
728 1565 901 1650 confusa,
936 1563 1195 1651 cernebantnr3

147 1689 266 1758 quae
298 1674 486 1758 togatae
519 1673 682 1756 postea
713 1665 757 1737 in
789 1673 1109 1757 praetextatas
1151 1672 1195 1736 et

149 1768 447 1839 tabernarias
469 1767 836 1838 dividebantur.“
869 1765 1068 1840 Praeterea
1085 1767 1194 1838 etiam

149 1871 188 1940 in
220 1870 284 1940 ino
318 1870 433 1942 altero
464 1869 547 1941 loco
580 1869 774 1941 discrimen
806 1869 894 1940 fucit
924 1869 1017 1940 inter
1050 1869 1194 1940 fabulas

149 1980 298 2065 togatas
318 1980 354 2042 et
367 1970 532 2044 Latinas.
566 1969 701 2044 Scribit
722 1971 817 2044 enim
841 1971 987 2062 prima
1012 1971 1196 2061 species

151 2072 414 2166 (praetextata)
455 2079 512 2144 est
547 2080 826 2166 togatarum,
868 2073 1067 2144 secunda
1099 2094 1194 2164 spe·

151 2178 249 2246 cies
277 2173 513 2269 (tabernaria)
541 2181 825 2268 togatarum
865 2182 902 2246 at
934 2173 1074 2246 tertia
1100 2196 1195 2264 spe·

150 2278 250 2350 cies
284 2276 488 2371 (Atellana)
530 2285 585 2348 est
619 2279 882 2349 fabularum
914 2275 1195 2362 Latinarum,

150 2390 314 2471 quarta
339 2379 524 2469 specics
549 2386 604 2449 est
620 2378 909 2471 planipedis,
937 2378 999 2448 ubi
1024 2377 1196 2470 generale

149 2503 285 2554 nomen
307 2503 455 2571 prorsus
478 2481 626 2568 omittit,
662 2482 748 2573 quia
773 2482 881 2552 modo
914 2479 1108 2552 antecessit.
1132 2477 1195 2552 fa·

149 2583 360 2656 bularnm
383 2581 670 2668 Latinarum,
697 2583 923 2676 quodetiam
940 2582 1011 2664 huc
1028 2581 1194 2672 pertinet.

149 2681 271 2755 Porro
298 2685 422 2773 paullo
448 2683 600 2756 inferius
631 2686 764 2776 legitur
795 2691 957 2776 togata
982 2690 1195 2774 ‚praetex-

150 2793 268 2871 tata,
309 2793 469 2877 togata
500 2788 786 2873 tabernaria,
827 2807 1007 2878 nusquam
1038 2791 1197 2876 togata

150 2887 422 2980 planipedis
446 2888 508 2957 vel
532 2895 692 2981 togata
717 2888 948 2961 Atellano.
993 2884 1196 2957 Diomedes

150 2989 279 3083 igitur,
306 2997 346 3060 nt
372 2978 507 3060 caeteri
529 2991 724 3082 scriptores
751 2990 888 3082 antiqui
914 3010 1058 3075 omnes,
1092 2987 1195 3058 Atel·

151 3092 256 3163 lanas
289 3097 333 3159 et·
350 3091 575 3181 planipedias
608 3114 630 3161 a
654 3092 788 3184 togatis
815 3092 1003 3178 discernit3
1042 3090 1108 3160 sed
1133 3095 1197 3158 ant

151 3193 204 3264 ita
230 3193 382 3264 confuse
408 3194 567 3283 scripsit,
607 3199 649 3263 ut
673 3194 852 3266 sententia
885 3195 967 3276 eius,
991 3189 1196 3280 vixpossit

152 3293 323 3385 intelligi,
360 3302 440 3381 aut,
467 3295 627 3387 idqnod
647 3296 733 3386 ‚plns
758 3293 1080 3376 verisimilitudinis
1105 3313 1194 3383 pree

150 3419 193 3468 se
218 3398 309 3482 fert,
349 3396 452 3468 lucus
478 3396 539 3468 iile
565 3397 698 3468 allatus
724 3397 866 3480 alicubi
882 3396 1014 3468 mendo
1040 3395 1193 3474 laborat.

151 3496 367 3590 Legendum
393 3504 465 3568 est:
497 3496 800 3583 „Latinarum
826 3499 1031 3580 fabularum
1053 3496 1194 3586 species

152 3605 206 3670 tot
230 3600 312 3670 fere
335 3607 437 3686 sunt,
470 3607 558 3691 quot
583 3609 614 3670 et
643 3601 914 3690 palliatar·nm.“
965 3596 1046 3680 Nea
1066 3599 1193 3689 depra-

153 3701 310 3802 vationis
335 3721 447 3771 cauea
470 3723 545 3772 non
574 3701 691 3772 estin
716 3710 893 3795 promptu.
946 3699 1192 3790 Exspectave·

151 3807 209 3872 rat
240 3801 388 3894 aliquis,
427 3813 468 3873 ut
499 3824 573 3873 non
603 3804 750 3875 fabulae
776 3803 931 3876 Latinae
963 3810 999 3872 et
1024 3800 1192 3891 palliatae

152 3903 246 3984 inter
277 3926 319 3974 se
352 3912 636 3996 opponerentur,
677 3907 744 3977 sed
768 3913 916 3998 togatae
949 3912 985 3974 et
1009 3903 1191 3995 palliatae,
1240 3944 1243 3948 -

67 4072 70 4078 .
152 4005 434 4099 mutandumquc
467 4006 538 4090 sibi
564 4008 719 4094 censuit,
762 4009 929 4099 ignarus,
964 4027 1089 4075 omnes
1115 4004 1191 4098 qni·

153 4106 235 4177 dem
263 4101 400 4178 Gracci
432 4107 635 4202 argumenti
665 4109 811 4182 fabulas
844 4133 867 4178 a
892 4108 1048 4201 palliatis
1072 4104 1191 4178 histri·
