2938 4848
1127 417 1184 496 δῦ

136 597 305 671 vectione
331 595 484 689 allisque
508 589 735 688 pompis¹²⁴).
782 589 937 666 Videtur
961 601 1084 667 sutem
1109 602 1181 668 tra·

138 702 217 788 bea,
246 721 356 793 quum
381 721 427 770 ea
452 697 689 768 sollemnibus
708 695 866 766 maximo
887 695 1016 767 (liebus
1037 705 1180 770 uteren-

137 810 206 890 tur‚
233 801 304 872 nisi
328 801 367 870 in
392 821 501 891 paee,
540 822 616 870 nou
642 819 724 868 esse
749 803 903 890 gestata.
953 794 1050 870 Nam
1074 821 1181 892 quem

135 907 269 990 locum,
296 924 368 996 quo
395 902 504 972 etiam
530 901 593 970 alii
618 899 760 990 decepti
780 907 876 986 sunt,
904 894 993 971 Ger.
1008 899 1070 972 Jo.
1086 899 1180 975 Vos·

135 1006 212 1078 sius
227 1004 315 1103 ¹²⁵),
348 1006 584 1095 probaturus,
618 1004 730 1074 duoes
755 1002 793 1072 in
818 1001 915 1072 bello
941 1004 1068 1074 habea
1093 1027 1181 1078 usos

136 1131 231 1195 esse,
259 1129 307 1178 ex
321 1106 431 1177 Livio
445 1103 511 1202 126)
538 1105 656 1197 ponite
683 1101 867 1190 „Consub
894 1125 977 1174 oum
992 1101 1179 1198 Corcyrae

135 1209 393 1300 hybernasset,
433 1229 521 1277 vere
553 1208 669 1299 primo
694 1206 732 1275 in
759 1206 966 1276 continente
992 1209 1179 1282 trabeatus

136 1313 185 1382 ad
209 1313 352 1381 hostem
379 1311 547 1401 pergit‚“
580 1308 612 1378 is
639 1308 747 1378 hodie
774 1307 884 1398 vulgo
910 1308 962 1378 ita
994 1319 1180 1384 correctus

135 1414 287 1506 legitur:
327 1409 501 1500 „consul
519 1451 573 1466 --
595 1433 705 1504 quum
731 1405 916 1500 Corcyrae
940 1409 1179 1502 hibernasset,

136 1537 226 1586 vere
259 1515 374 1606 primo
402 1514 439 1582 in
465 1514 705 1583 continentem
731 1512 921 1612 traiectus,
963 1513 1013 1584 ad
1037 1513 1180 1588 hostem

136 1617 273 1687 dooere
296 1616 426 1709 pergit.
435 1621 458 1658 “
510 1615 776 1706 Imperatorum
799 1614 945 1705 quidem
959 1615 1181 1708 temporibus

137 1739 231 1789 eam·
250 1718 288 1788 in
319 1721 409 1788 urbe
443 1724 580 1788 tantum
611 1723 824 1808 usurpatam
849 1713 950 1805 esse,
991 1739 1040 1789 ex
1071 1717 1181 1792 (ilau-

136 1822 246 1891 dlano
272 1825 434 1912 apparet,
461 1819 523 1912 qui
549 1841 630 1890 eam
656 1820 702 1890 ab
726 1826 858 1888 ornatu
882 1819 1031 1892 militari
1055 1829 1180 1913 aperte

136 1922 325 2014 distinguit
340 1922 419 2014 ¹²⁷).

240 2023 341 2101 (tuin
377 2023 503 2116 igitur,
544 2028 585 2092 ut
610 2021 648 2091 in
672 2020 799 2092 fabula
823 2027 1052 2113 praetextata
1075 2045 1180 2115 prae·

137 2125 285 2212 tentati,
322 2125 376 2196 sio
400 2125 437 2194 in
463 2126 628 2195 trabeata
653 2124 808 2195 trabeati
831 2123 951 2194 locum
978 2124 1181 2215 habuerint,

136 2250 244 2298 nemo
269 2226 428 2320 negabit
481 2226 644 2312 Quodsi,
683 2249 794 2319 quum
826 2233 1016 2318 utramque
1042 2233 1182 2300 vestem

135 2329 390 2400 honoratiores
416 2336 554 2398 tantum
575 2330 620 2398 de
642 2329 775 2419 populo
794 2329 1028 2420 gestaverint,
1054 2331 1092 2398 iu
1109 2329 1179 2402 hae

135 2454 177 2501 re
209 2431 501 2522 probabilitatem
532 2430 636 2523 sequi
667 2431 811 2516 linerat,
850 2449 945 2520 quae
978 2433 1024 2500 de
1052 2433 1180 2503 tabula

136 2541 368 2624 praetextata
392 2533 561 2620 diximus,
589 2535 717 2603 eadem
743 2533 789 2602 de
814 2535 979 2604 trabeata
1003 2534 1180 2606 valerent

138 2633 276 2706 scribit
309 2636 417 2704 etiam
451 2631 539 2706 Ger.
568 2633 629 2704 Jo.
655 2632 812 2705 Vossius
826 2633 905 2731 ¹²⁸),
933 2636 1081 2708 dubium
1108 2659 1182 2706 non

139 2759 232 2823 esse,
258 2737 343 2827 quin
369 2738 521 2807 eaedem
545 2737 606 2806 vel
630 2737 758 2806 saltem
780 2736 922 2806 vicinae
942 2740 1182 2828 praetextatis

137 2839 272 2909 fabulis
317 2839 453 2908 fuerint
498 2839 705 2927 trabeatue3
743 2847 779 2907 et
824 2835 1070 2928 Prideauxius
1094 2840 1178 2932 ¹²⁹):

137 2939 329 3027 „Easdem
370 2962 544 3031 personas
585 2936 808 3036 (primarias)
849 2962 931 3010 oum
972 2938 1015 3011 0.
1056 2939 1181 3013 Melis-

138 3063 200 3112 sus
221 3081 273 3095 —-
294 3063 376 3112 oum
405 3043 501 3134 togis
526 3041 700 3112 trabeatis
725 3041 763 3112 iu
788 3064 937 3114 scenam
960 3042 1181 3116 introduxis-

138 3327 168 3368 τε
188 3303 245 3387 τὴν
267 3303 382 3392 ἀγορὰν
404 3308 454 3371 καὶ
477 3331 511 3371 το
500 3303 728 3372 Καπιτωλιον
749 3332 799 3370 και
790 3303 948 3383 πολλους
961 3265 1073 3381 billunc
1085 3306 1182 3387 ἰδίους

138 3392 241 3452 τεκαὶ
270 3393 437 3474 δημοσιους
463 3388 589 3470 τόπους,
621 3397 755 3473 χιτῶνας
780 3395 936 3468 ποικίλους
960 3392 1104 3474 χαλκέαις
1129 3393 1182 3474 μί-

138 3497 225 3559 τραις
247 3477 465 3558 κατεζωσμένοι
487 3503 536 3540 και
529 3478 700 3558 τηβέννας
714 3477 977 3582 ἐμπεπορπημένοι
991 3472 1182 3586 περιπορφύ-

138 3583 209 3640 ρους
237 3559 534 3668 φοινικοπαροφους,
563 3560 599 3637 ἃς
627 3566 755 3626 καλοῦσι
781 3560 969 3670 τραβέας·
958 3563 1037 3626 ἔστι
1061 3561 1087 3625 δ’
1101 3564 1179 3626 ἐπα

138 3642 278 3728 χώριος
292 3644 386 3732 orion
394 3643 595 3728 Ῥωμαίοις
615 3645 732 3728 ισθὴς
748 3650 784 3711 ἐν
798 3657 878 3724 τοῖς
893 3673 987 3713 πανυ
1003 3648 1180 3727 rapinem

137 3740 166 3792 et
187 3753 261 3812 quae
282 3743 512 3815 sequuntur.-
540 3735 614 3815 124)
638 3735 719 3794 Vidd.
741 3737 897 3813 Dionysius
917 3737 1008 3798 Helie
1029 3736 1181 3817 Antiquitt.

137 3817 217 3876 Rom.
239 3817 287 3877 vl
306 3829 361 3892 133
393 3821 492 3881 Livius
507 3821 557 3880 lX.
574 3829 631 3893 463
663 3820 793 3880 Valerius
809 3822 887 3880 Max.
898 3822 932 3879 ΙΙ.
950 3829 978 3882 2.
995 3827 1031 3892 9;
1060 3821 1182 3880 Tacitus

135 3902 310 3977 Ann.lll.i;
333 3906 488 3964 Suetonius
502 3905 606 3965 Domit.
617 3905 710 3978 xlv.;
725 3905 782 3964 alii.
794 3939 836 3950 —-
861 3902 935 3984 125)
956 3905 1092 3964 institutt.
1105 3912 1182 3984 poet.

136 3987 170 4045 lt
189 3995 219 4048 7.
242 3994 271 4050 5.
298 4021 341 4036 -
375 3989 449 4072 126)
470 3991 604 4050 xxxa.
628 3999 657 4052 6.
697 3989 742 4048 cf.
768 3990 887 4050 Annott.
919 3991 949 4050 in
979 3991 1023 4049 sd.
1051 3991 1182 4050 Draken-

136 4070 231 4132 borch.
265 4105 308 4118 —-
344 4074 417 4157 127)
450 4075 486 4135 de
514 4077 563 4135 lll.
598 4075 705 4136 consul.
735 4075 844 4134 Honor.
865 4080 901 4146 5,
936 4076 971 4133 de
998 4074 1045 4134 lv.
1074 4073 1181 4133 consul.

135 4156 243 4218 flouoa
264 4165 319 4230 12,
346 4161 383 4220 de
409 4161 526 4220 Consul.
553 4160 768 4221 Mallr'l'beod.
787 4165 836 4220 14.
864 4191 908 4208 ·-
942 4158 1016 4238 128)
1045 4158 1181 4219 lostitntt.

134 4248 210 4319 poet.
230 4242 269 4303 ll.
287 4251 317 4304 7.
342 4248 370 4305 5.
393 4279 434 4291 --
470 4244 545 4328 129)
570 4246 607 4306 ad
627 4245 762 4306 Marmor.
785 4245 878 4305 Oxou.
900 4267 928 4324 p.
948 4251 1019 4306 206.

879 4343 937 4422 Ᾱ3“
