<?xml version="1.0" encoding="UTF-8"?>
<!DOCTYPE html PUBLIC "-//W3C//DTD XHTML 1.0 Transitional//EN"
    "http://www.w3.org/TR/xhtml1/DTD/xhtml1-transitional.dtd">
<html xmlns="http://www.w3.org/1999/xhtml" xml:lang="en" lang="en">
 <head>
  <title>
</title>
<meta http-equiv="Content-Type" content="text/html;charset=utf-8" />
  <meta name='ocr-system' content='tesseract 3.04.00' />
  <meta name='ocr-capabilities' content='ocr_page ocr_carea ocr_par ocr_line ocrx_word'/>
</head>
<body>
  <div class='ocr_page' id='page_1' title='image "./defabulatogatar01neukgoog_0198.png"; bbox 0 0 2932 4842; ppageno 0'>
   <div class='ocr_carea' id='block_1_1' title="bbox 1139 333 1218 412">
    <p class='ocr_par' dir='ltr' id='par_1_1' title="bbox 1139 333 1218 412">
     <span class='ocr_line' id='line_1_1' title="bbox 1139 333 1218 412; baseline 0 0"><span class='ocrx_word' id='word_1_1' title='bbox 1139 333 1218 412; x_wconf 75' lang='grc'><strong>185</strong></span> 
     </span>
    </p>
   </div>
   <div class='ocr_carea' id='block_1_2' title="bbox 357 499 1032 578">
    <p class='ocr_par' dir='ltr' id='par_1_2' title="bbox 357 499 1032 578">
     <span class='ocr_line' id='line_1_2' title="bbox 357 499 1032 578; baseline 0.003 -12"><span class='ocrx_word' id='word_1_2' title='bbox 357 499 571 566; x_wconf 77' lang='lat' dir='ltr'>BUCCO</span> <span class='ocrx_word' id='word_1_3' title='bbox 613 505 1032 578; x_wconf 69' lang='lat' dir='ltr'><strong>unoe&#39;ruuus.</strong></span> 
     </span>
    </p>
   </div>
   <div class='ocr_carea' id='block_1_3' title="bbox 173 622 1217 788">
    <p class='ocr_par' dir='ltr' id='par_1_3' title="bbox 173 622 1217 788">
     <span class='ocr_line' id='line_1_3' title="bbox 256 622 1217 702; baseline 0.002 -18"><span class='ocrx_word' id='word_1_4' title='bbox 256 622 367 684; x_wconf 86' lang='lat' dir='ltr'><strong>Nouius</strong></span> <span class='ocrx_word' id='word_1_5' title='bbox 387 644 415 702; x_wconf 88' lang='lat' dir='ltr'><strong>p.</strong></span> <span class='ocrx_word' id='word_1_6' title='bbox 429 631 490 686; x_wconf 82' lang='lat'><strong>126</strong></span> <span class='ocrx_word' id='word_1_7' title='bbox 511 623 558 684; x_wconf 81' lang='lat' dir='ltr'><strong>ed.</strong></span> <span class='ocrx_word' id='word_1_8' title='bbox 578 623 685 686; x_wconf 80' lang='lat' dir='ltr'><strong>Mera..</strong></span> <span class='ocrx_word' id='word_1_9' title='bbox 717 623 763 698; x_wconf 85' lang='lat' dir='ltr'>J</span> <span class='ocrx_word' id='word_1_10' title='bbox 770 631 909 688; x_wconf 83' lang='lat' dir='ltr'><strong>entare.</strong></span> <span class='ocrx_word' id='word_1_11' title='bbox 941 625 1077 686; x_wconf 76' lang='lat' dir='ltr'><strong>Afranius</strong></span> <span class='ocrx_word' id='word_1_12' title='bbox 1098 624 1127 684; x_wconf 86' lang='lat' dir='ltr'><strong>iu</strong></span> <span class='ocrx_word' id='word_1_13' title='bbox 1143 625 1217 686; x_wconf 80' lang='lat' dir='ltr'><strong>Bue-</strong></span> 
     </span>
     <span class='ocr_line' id='line_1_4' title="bbox 173 710 420 788; baseline -0.013 -18"><span class='ocrx_word' id='word_1_14' title='bbox 173 727 248 770; x_wconf 86' lang='lat' dir='ltr'><strong>euue</strong></span> <span class='ocrx_word' id='word_1_15' title='bbox 269 710 420 788; x_wconf 81' lang='lat' dir='ltr'><strong>adoptato·</strong></span> 
     </span>
    </p>
   </div>
   <div class='ocr_carea' id='block_1_4' title="bbox 170 793 1184 976">
    <p class='ocr_par' dir='ltr' id='par_1_4' title="bbox 170 793 1184 976">
     <span class='ocr_line' id='line_1_5' title="bbox 223 793 696 865; baseline -0.004 0"><span class='ocrx_word' id='word_1_16' title='bbox 223 793 377 865; x_wconf 82' lang='lat' dir='ltr'><strong>Jentare</strong></span> <span class='ocrx_word' id='word_1_17' title='bbox 398 795 497 864; x_wconf 86' lang='lat' dir='ltr'><strong>nulla</strong></span> <span class='ocrx_word' id='word_1_18' title='bbox 521 794 659 865; x_wconf 83' lang='lat' dir='ltr'><strong>invitat.</strong></span> <span class='ocrx_word' id='word_1_19' title='bbox 671 798 696 838; x_wconf 90' lang='grc'><strong>“</strong></span> 
     </span>
     <span class='ocr_line' id='line_1_6' title="bbox 170 893 1184 976; baseline -0.003 -21"><span class='ocrx_word' id='word_1_20' title='bbox 170 895 232 956; x_wconf 80' lang='lat' dir='ltr'><strong>Sed</strong></span> <span class='ocrx_word' id='word_1_21' title='bbox 254 896 411 968; x_wconf 83' lang='lat' dir='ltr'><strong>videantur,</strong></span> <span class='ocrx_word' id='word_1_22' title='bbox 434 915 507 976; x_wconf 87' lang='lat' dir='ltr'><strong>quae</strong></span> <span class='ocrx_word' id='word_1_23' title='bbox 528 896 648 954; x_wconf 80' lang='lat' dir='ltr'>diximus</span> <span class='ocrx_word' id='word_1_24' title='bbox 669 895 705 955; x_wconf 83' lang='lat' dir='ltr'><strong>de</strong></span> <span class='ocrx_word' id='word_1_25' title='bbox 725 894 778 955; x_wconf 86' lang='lat' dir='ltr'><strong>lrae</strong></span> <span class='ocrx_word' id='word_1_26' title='bbox 799 893 896 956; x_wconf 81' lang='lat' dir='ltr'><strong>sabula</strong></span> <span class='ocrx_word' id='word_1_27' title='bbox 915 913 1048 975; x_wconf 73' lang='lat' dir='ltr'><strong>supra&#39;p.</strong></span> <span class='ocrx_word' id='word_1_28' title='bbox 1068 899 1129 956; x_wconf 80' lang='grc'><strong>168</strong></span> <span class='ocrx_word' id='word_1_29' title='bbox 1140 913 1184 974; x_wconf 82' lang='lat' dir='ltr'><strong>sq.</strong></span> 
     </span>
    </p>
   </div>
   <div class='ocr_carea' id='block_1_5' title="bbox 195 1162 1197 1366">
    <p class='ocr_par' dir='ltr' id='par_1_5' title="bbox 195 1162 1197 1366">
     <span class='ocr_line' id='line_1_7' title="bbox 195 1162 1197 1238; baseline -0.001 -14"><span class='ocrx_word' id='word_1_30' title='bbox 195 1163 362 1237; x_wconf 59' lang='lat' dir='ltr'><strong>cauum·</strong></span> <span class='ocrx_word' id='word_1_31' title='bbox 389 1163 589 1236; x_wconf 77' lang='grc' dir='ltr'><strong>ΟΑΕΒΙΙΜ,</strong></span> <span class='ocrx_word' id='word_1_32' title='bbox 616 1164 810 1237; x_wconf 78' lang='lat' dir='ltr'>CAEDUS,</span> <span class='ocrx_word' id='word_1_33' title='bbox 839 1163 1007 1238; x_wconf 79' lang='lat' dir='ltr'>CFDUM,</span> <span class='ocrx_word' id='word_1_34' title='bbox 1036 1162 1197 1234; x_wconf 76' lang='grc'><strong>01111118.</strong></span> 
     </span>
     <span class='ocr_line' id='line_1_8' title="bbox 258 1282 920 1366; baseline 0.003 -26"><span class='ocrx_word' id='word_1_35' title='bbox 258 1282 340 1344; x_wconf 78' lang='lat' dir='ltr'><strong>Fidi.</strong></span> <span class='ocrx_word' id='word_1_36' title='bbox 362 1289 473 1346; x_wconf 87' lang='lat' dir='ltr'><strong>auuott.</strong></span> <span class='ocrx_word' id='word_1_37' title='bbox 495 1283 532 1343; x_wconf 85' lang='lat' dir='ltr'><strong>ad</strong></span> <span class='ocrx_word' id='word_1_38' title='bbox 553 1282 678 1344; x_wconf 85' lang='lat' dir='ltr'><strong>lueeudii</strong></span> <span class='ocrx_word' id='word_1_39' title='bbox 699 1282 802 1365; x_wconf 77' lang='lat' dir='ltr'><strong>fragm.</strong></span> <span class='ocrx_word' id='word_1_40' title='bbox 820 1283 868 1344; x_wconf 86' lang='lat' dir='ltr'><strong>lV.</strong></span> <span class='ocrx_word' id='word_1_41' title='bbox 902 1340 920 1366; x_wconf 33' lang='grc' dir='ltr'><strong>,Ι</strong></span> 
     </span>
    </p>
   </div>
   <div class='ocr_carea' id='block_1_6' title="bbox 479 1552 911 1745">
    <p class='ocr_par' dir='ltr' id='par_1_6' title="bbox 479 1552 911 1745">
     <span class='ocr_line' id='line_1_9' title="bbox 479 1552 911 1622; baseline 0 -10"><span class='ocrx_word' id='word_1_42' title='bbox 479 1552 911 1622; x_wconf 79' lang='lat' dir='ltr'><strong>GlNllRAllllJS.</strong></span> 
     </span>
     <span class='ocr_line' id='line_1_10' title="bbox 626 1687 705 1745; baseline 0.013 -1"><span class='ocrx_word' id='word_1_43' title='bbox 626 1687 705 1745; x_wconf 88' lang='grc' dir='ltr'><strong>Ἰ.</strong></span> 
     </span>
    </p>
   </div>
   <div class='ocr_carea' id='block_1_7' title="bbox 173 1803 1213 1970">
    <p class='ocr_par' dir='ltr' id='par_1_7' title="bbox 173 1803 1213 1970">
     <span class='ocr_line' id='line_1_11' title="bbox 260 1803 1213 1884; baseline 0.004 -21"><span class='ocrx_word' id='word_1_44' title='bbox 260 1803 404 1864; x_wconf 78' lang='lat' dir='ltr'><strong>Charisius</strong></span> <span class='ocrx_word' id='word_1_45' title='bbox 423 1803 460 1864; x_wconf 91' lang='lat' dir='ltr'><strong>ll.</strong></span> <span class='ocrx_word' id='word_1_46' title='bbox 481 1826 510 1884; x_wconf 85' lang='lat' dir='ltr'><strong>p.</strong></span> <span class='ocrx_word' id='word_1_47' title='bbox 529 1810 590 1866; x_wconf 77' lang='lat'><strong>214</strong></span> <span class='ocrx_word' id='word_1_48' title='bbox 612 1823 657 1884; x_wconf 85' lang='lat' dir='ltr'><strong>up.</strong></span> <span class='ocrx_word' id='word_1_49' title='bbox 678 1803 813 1878; x_wconf 88' lang='lat' dir='ltr'><strong>Putsch.,</strong></span> <span class='ocrx_word' id='word_1_50' title='bbox 844 1806 879 1866; x_wconf 84' lang='lat' dir='ltr'><strong>de</strong></span> <span class='ocrx_word' id='word_1_51' title='bbox 900 1803 1142 1866; x_wconf 82' lang='lat' dir='ltr'><strong>interiectionibus</strong></span> <span class='ocrx_word' id='word_1_52' title='bbox 1163 1824 1213 1867; x_wconf 81' lang='lat' dir='ltr'><strong>ex-</strong></span> 
     </span>
     <span class='ocr_line' id='line_1_12' title="bbox 173 1887 923 1970; baseline 0 -21"><span class='ocrx_word' id='word_1_53' title='bbox 173 1894 296 1970; x_wconf 79' lang='lat' dir='ltr'><strong>ponens:</strong></span> <span class='ocrx_word' id='word_1_54' title='bbox 318 1890 514 1962; x_wconf 80' lang='lat' dir='ltr'><strong>„Cueeuru</strong></span> <span class='ocrx_word' id='word_1_55' title='bbox 556 1887 692 1949; x_wconf 83' lang='lat' dir='ltr'><strong>Afranius</strong></span> <span class='ocrx_word' id='word_1_56' title='bbox 712 1889 741 1948; x_wconf 91' lang='lat' dir='ltr'><strong>iu</strong></span> <span class='ocrx_word' id='word_1_57' title='bbox 764 1889 923 1950; x_wconf 81' lang='lat' dir='ltr'><strong>Clrrerarin:</strong></span> 
     </span>
    </p>
   </div>
   <div class='ocr_carea' id='block_1_8' title="bbox 173 1973 1213 2233">
    <p class='ocr_par' dir='ltr' id='par_1_8' title="bbox 173 1973 1213 2233">
     <span class='ocr_line' id='line_1_13' title="bbox 635 1973 1187 2047; baseline 0 -2"><span class='ocrx_word' id='word_1_58' title='bbox 635 2015 684 2028; x_wconf 92' lang='lat'><em>-</em></span> <span class='ocrx_word' id='word_1_59' title='bbox 710 1973 755 2045; x_wconf 87' lang='lat' dir='ltr'><strong>Id</strong></span> <span class='ocrx_word' id='word_1_60' title='bbox 779 1977 836 2045; x_wconf 73' lang='lat' dir='ltr'><strong>me</strong></span> <span class='ocrx_word' id='word_1_61' title='bbox 858 1977 999 2047; x_wconf 83' lang='lat' dir='ltr'><strong>celabat</strong></span> <span class='ocrx_word' id='word_1_62' title='bbox 1020 1976 1187 2045; x_wconf 77' lang='lat' dir='ltr'><strong>cuccuru.</strong></span> 
     </span>
     <span class='ocr_line' id='line_1_14' title="bbox 173 2075 1213 2157; baseline -0.001 -23"><span class='ocrx_word' id='word_1_63' title='bbox 173 2075 218 2134; x_wconf 83' lang='grc' dir='ltr'><strong>Αιι</strong></span> <span class='ocrx_word' id='word_1_64' title='bbox 235 2093 335 2133; x_wconf 86' lang='lat' dir='ltr'><strong>nomeu</strong></span> <span class='ocrx_word' id='word_1_65' title='bbox 354 2079 406 2148; x_wconf 86' lang='lat' dir='ltr'><strong>est,</strong></span> <span class='ocrx_word' id='word_1_66' title='bbox 428 2080 554 2147; x_wconf 86' lang='lat' dir='ltr'><strong>utveru,</strong></span> <span class='ocrx_word' id='word_1_67' title='bbox 576 2079 694 2157; x_wconf 79' lang='lat' dir='ltr'><strong>geuul“</strong></span> <span class='ocrx_word' id='word_1_68' title='bbox 716 2078 876 2139; x_wconf 83' lang='lat' dir='ltr'><strong>Cuceuru</strong></span> <span class='ocrx_word' id='word_1_69' title='bbox 898 2109 941 2123; x_wconf 91' lang='lat'>-</span> <span class='ocrx_word' id='word_1_70' title='bbox 962 2092 1124 2137; x_wconf 81' lang='lat' dir='ltr'><strong>cuccuru.</strong></span> <span class='ocrx_word' id='word_1_71' title='bbox 1146 2075 1213 2134; x_wconf 81' lang='lat' dir='ltr'><strong>Bas.</strong></span> 
     </span>
     <span class='ocr_line' id='line_1_15' title="bbox 175 2160 1213 2233; baseline 0 -15"><span class='ocrx_word' id='word_1_72' title='bbox 175 2161 359 2218; x_wconf 84' lang='lat' dir='ltr'><strong>Cuccurru</strong></span> <span class='ocrx_word' id='word_1_73' title='bbox 380 2193 422 2204; x_wconf 92' lang='grc'>-</span> <span class='ocrx_word' id='word_1_74' title='bbox 444 2179 604 2219; x_wconf 83' lang='lat' dir='ltr'><strong>cueurru.</strong></span> <span class='ocrx_word' id='word_1_75' title='bbox 632 2162 763 2233; x_wconf 67' lang='lat' dir='ltr'><strong>Pulsulr„</strong></span> <span class='ocrx_word' id='word_1_76' title='bbox 785 2163 860 2221; x_wconf 88' lang='lat' dir='ltr'><strong>unde</strong></span> <span class='ocrx_word' id='word_1_77' title='bbox 882 2162 975 2221; x_wconf 85' lang='lat' dir='ltr'><strong>lruusit</strong></span> <span class='ocrx_word' id='word_1_78' title='bbox 995 2160 1124 2232; x_wconf 85' lang='lat' dir='ltr'><strong>Bothius,</strong></span> <span class='ocrx_word' id='word_1_79' title='bbox 1146 2161 1213 2218; x_wconf 84' lang='lat' dir='ltr'><strong>Cu-</strong></span> 
     </span>
    </p>
   </div>
   <div class='ocr_carea' id='block_1_9' title="bbox 173 2245 1214 2426">
    <p class='ocr_par' dir='ltr' id='par_1_9' title="bbox 173 2245 1214 2426">
     <span class='ocr_line' id='line_1_16' title="bbox 174 2245 1214 2325; baseline -0.001 -21"><span class='ocrx_word' id='word_1_80' title='bbox 174 2263 282 2304; x_wconf 80' lang='lat' dir='ltr'><strong>curru</strong></span> <span class='ocrx_word' id='word_1_81' title='bbox 312 2276 354 2288; x_wconf 95' lang='lat'><em>-</em></span> <span class='ocrx_word' id='word_1_82' title='bbox 381 2263 545 2304; x_wconf 81' lang='lat' dir='ltr'><strong>cucurru.</strong></span> <span class='ocrx_word' id='word_1_83' title='bbox 594 2245 687 2305; x_wconf 86' lang='lat' dir='ltr'><strong>Metro</strong></span> <span class='ocrx_word' id='word_1_84' title='bbox 719 2245 827 2324; x_wconf 86' lang='lat' dir='ltr'><strong>quidem</strong></span> <span class='ocrx_word' id='word_1_85' title='bbox 865 2247 958 2325; x_wconf 84' lang='lat' dir='ltr'><strong>aptius</strong></span> <span class='ocrx_word' id='word_1_86' title='bbox 994 2245 1106 2307; x_wconf 87' lang='lat' dir='ltr'><strong>videtur</strong></span> <span class='ocrx_word' id='word_1_87' title='bbox 1139 2245 1214 2324; x_wconf 80' lang='lat' dir='ltr'><strong>apud</strong></span> 
     </span>
     <span class='ocr_line' id='line_1_17' title="bbox 173 2327 1044 2426; baseline 0.001 -37"><span class='ocrx_word' id='word_1_88' title='bbox 173 2327 319 2389; x_wconf 77' lang='lat' dir='ltr'><strong>Afranium</strong></span> <span class='ocrx_word' id='word_1_89' title='bbox 340 2347 510 2406; x_wconf 85' lang='lat' dir='ltr'><strong>eueeuru,</strong></span> <span class='ocrx_word' id='word_1_90' title='bbox 532 2331 608 2410; x_wconf 86' lang='lat' dir='ltr'><strong>quud</strong></span> <span class='ocrx_word' id='word_1_91' title='bbox 628 2350 645 2390; x_wconf 92' lang='lat' dir='ltr'><strong>e</strong></span> <span class='ocrx_word' id='word_1_92' title='bbox 667 2331 810 2410; x_wconf 82' lang='lat' dir='ltr'><strong>Stephana</strong></span> <span class='ocrx_word' id='word_1_93' title='bbox 832 2331 963 2410; x_wconf 77' lang='lat' dir='ltr'><strong>sumpsi&#39;</strong></span> <span class='ocrx_word' id='word_1_94' title='bbox 1029 2403 1044 2426; x_wconf 39' lang='grc' dir='ltr'>μ</span> 
     </span>
    </p>
   </div>
   <div class='ocr_carea' id='block_1_10' title="bbox 678 2465 715 2529">
    <p class='ocr_par' dir='ltr' id='par_1_10' title="bbox 678 2465 715 2529">
     <span class='ocr_line' id='line_1_18' title="bbox 678 2465 715 2529; baseline 0.162 -7"><span class='ocrx_word' id='word_1_95' title='bbox 678 2465 715 2529; x_wconf 87' lang='lat'><strong>11.</strong></span> 
     </span>
    </p>
   </div>
   <div class='ocr_carea' id='block_1_11' title="bbox 175 2580 1213 2811">
    <p class='ocr_par' dir='ltr' id='par_1_11' title="bbox 175 2580 1213 2811">
     <span class='ocr_line' id='line_1_19' title="bbox 258 2580 1211 2664; baseline 0.002 -25"><span class='ocrx_word' id='word_1_96' title='bbox 258 2580 422 2642; x_wconf 76' lang='lat' dir='ltr'><strong>Priscianus</strong></span> <span class='ocrx_word' id='word_1_97' title='bbox 437 2580 511 2641; x_wconf 83' lang='lat' dir='ltr'><strong>Vlll.</strong></span> <span class='ocrx_word' id='word_1_98' title='bbox 530 2589 560 2644; x_wconf 84' lang='lat'><strong>7.</strong></span> <span class='ocrx_word' id='word_1_99' title='bbox 578 2590 629 2644; x_wconf 78' lang='lat'><strong>37.</strong></span> <span class='ocrx_word' id='word_1_100' title='bbox 650 2605 678 2663; x_wconf 86' lang='lat' dir='ltr'><strong>p.</strong></span> <span class='ocrx_word' id='word_1_101' title='bbox 698 2588 760 2646; x_wconf 79' lang='lat'><strong>804</strong></span> <span class='ocrx_word' id='word_1_102' title='bbox 782 2603 826 2664; x_wconf 87' lang='lat' dir='ltr'><strong>ap.</strong></span> <span class='ocrx_word' id='word_1_103' title='bbox 848 2583 980 2644; x_wconf 85' lang='lat' dir='ltr'><strong>Putseh.:</strong></span> <span class='ocrx_word' id='word_1_104' title='bbox 1002 2583 1211 2660; x_wconf 81' lang='lat' dir='ltr'><strong>„Gratulur,</strong></span> 
     </span>
     <span class='ocr_line' id='line_1_20' title="bbox 175 2665 1213 2765; baseline 0.003 -40"><span class='ocrx_word' id='word_1_105' title='bbox 175 2666 288 2765; x_wconf 71' lang='lat' dir='ltr'><strong>gaudeo</strong></span> <span class='ocrx_word' id='word_1_106' title='bbox 324 2665 432 2746; x_wconf 87' lang='lat' dir='ltr'><strong>pariter</strong></span> <span class='ocrx_word' id='word_1_107' title='bbox 465 2685 526 2726; x_wconf 86' lang='lat' dir='ltr'><strong>eum</strong></span> <span class='ocrx_word' id='word_1_108' title='bbox 563 2667 619 2726; x_wconf 88' lang='lat' dir='ltr'><strong>alio</strong></span> <span class='ocrx_word' id='word_1_109' title='bbox 647 2674 677 2728; x_wconf 89' lang='lat' dir='ltr'><strong>et</strong></span> <span class='ocrx_word' id='word_1_110' title='bbox 703 2668 812 2750; x_wconf 78' lang='lat' dir='ltr'><strong>gratias</strong></span> <span class='ocrx_word' id='word_1_111' title='bbox 844 2688 911 2750; x_wconf 83' lang='lat' dir='ltr'><strong>ago.</strong></span> <span class='ocrx_word' id='word_1_112' title='bbox 942 2667 1077 2728; x_wconf 78' lang='lat' dir='ltr'><strong>Afranius</strong></span> <span class='ocrx_word' id='word_1_113' title='bbox 1105 2668 1133 2726; x_wconf 90' lang='lat' dir='ltr'><strong>in</strong></span> <span class='ocrx_word' id='word_1_114' title='bbox 1166 2667 1213 2728; x_wconf 89' lang='lat' dir='ltr'><strong>ci-</strong></span> 
     </span>
     <span class='ocr_line' id='line_1_21' title="bbox 175 2771 307 2811; baseline -0.015 0"><span class='ocrx_word' id='word_1_115' title='bbox 175 2771 307 2811; x_wconf 82' lang='lat' dir='ltr'><strong>uerarru·</strong></span> 
     </span>
    </p>
   </div>
   <div class='ocr_carea' id='block_1_12' title="bbox 227 2827 1161 2990">
    <p class='ocr_par' dir='ltr' id='par_1_12' title="bbox 227 2827 1161 2990">
     <span class='ocr_line' id='line_1_22' title="bbox 227 2827 1161 2990; baseline 0.001 -83"><span class='ocrx_word' id='word_1_116' title='bbox 227 2835 353 2922; x_wconf 82' lang='lat' dir='ltr'><strong>Sexte,</strong></span> <span class='ocrx_word' id='word_1_117' title='bbox 380 2833 402 2904; x_wconf 85' lang='lat'>6</span> <span class='ocrx_word' id='word_1_118' title='bbox 424 2835 540 2906; x_wconf 83' lang='lat' dir='ltr'><strong>frater</strong></span> <span class='ocrx_word' id='word_1_119' title='bbox 552 2827 761 2923; x_wconf 74' lang='lat' dir='ltr'><strong>m1‚s‹ilvel</strong></span> <span class='ocrx_word' id='word_1_120' title='bbox 790 2853 898 2990; x_wconf 81' lang='lat' dir='ltr'><strong>quuur</strong></span> <span class='ocrx_word' id='word_1_121' title='bbox 915 2839 1038 2910; x_wconf 79' lang='lat' dir='ltr'><strong>salvus</strong></span> <span class='ocrx_word' id='word_1_122' title='bbox 1058 2837 1161 2908; x_wconf 86' lang='lat' dir='ltr'><strong>venis</strong></span> 
     </span>
    </p>
   </div>
   <div class='ocr_carea' id='block_1_13' title="bbox 175 2935 1217 4054">
    <p class='ocr_par' dir='ltr' id='par_1_13' title="bbox 175 2935 1217 4034">
     <span class='ocr_line' id='line_1_23' title="bbox 226 2935 892 3030; baseline 0.002 -21"><span class='ocrx_word' id='word_1_123' title='bbox 226 2935 429 3028; x_wconf 76' lang='lat' dir='ltr'><strong>Meliusque</strong></span> <span class='ocrx_word' id='word_1_124' title='bbox 448 2944 514 3024; x_wconf 86' lang='lat' dir='ltr'><strong>est,</strong></span> <span class='ocrx_word' id='word_1_125' title='bbox 541 2937 702 3030; x_wconf 69' lang='lat' dir='ltr'><strong>gratuler</strong></span> <span class='ocrx_word' id='word_1_126' title='bbox 724 2939 790 3010; x_wconf 89' lang='lat' dir='ltr'><strong>dis.</strong></span> <span class='ocrx_word' id='word_1_127' title='bbox 799 2945 892 2994; x_wconf 55' lang='lat'><strong>“2-</strong></span> 
     </span>
     <span class='ocr_line' id='line_1_24' title="bbox 176 3037 1213 3111; baseline -0.001 -14"><span class='ocrx_word' id='word_1_128' title='bbox 176 3039 307 3111; x_wconf 86' lang='lat' dir='ltr'><strong>Sexte,</strong></span> <span class='ocrx_word' id='word_1_129' title='bbox 335 3037 496 3099; x_wconf 84' lang='lat' dir='ltr'><strong>ofrater</strong></span> <span class='ocrx_word' id='word_1_130' title='bbox 522 3039 564 3098; x_wconf 85' lang='lat' dir='ltr'><strong>mi</strong></span> <span class='ocrx_word' id='word_1_131' title='bbox 584 3041 631 3100; x_wconf 78' lang='lat' dir='ltr'><strong>la.</strong></span> <span class='ocrx_word' id='word_1_132' title='bbox 663 3040 773 3100; x_wconf 80' lang='lat' dir='ltr'><strong>Valent.</strong></span> <span class='ocrx_word' id='word_1_133' title='bbox 796 3041 936 3101; x_wconf 84' lang='lat' dir='ltr'><strong>Franekio</strong></span> <span class='ocrx_word' id='word_1_134' title='bbox 959 3041 1100 3100; x_wconf 83' lang='lat' dir='ltr'><strong>debemus.</strong></span> <span class='ocrx_word' id='word_1_135' title='bbox 1131 3037 1213 3097; x_wconf 84' lang='lat' dir='ltr'><strong>Libri</strong></span> 
     </span>
     <span class='ocr_line' id='line_1_25' title="bbox 177 3121 1214 3197; baseline 0 -16"><span class='ocrx_word' id='word_1_136' title='bbox 177 3125 291 3182; x_wconf 81' lang='lat' dir='ltr'><strong>Sexte</strong></span> <span class='ocrx_word' id='word_1_137' title='bbox 312 3121 427 3182; x_wconf 86' lang='lat' dir='ltr'><strong>frater</strong></span> <span class='ocrx_word' id='word_1_138' title='bbox 448 3123 499 3182; x_wconf 86' lang='lat' dir='ltr'><strong>rui.</strong></span> <span class='ocrx_word' id='word_1_139' title='bbox 521 3126 617 3184; x_wconf 84' lang='lat' dir='ltr'><strong>Both.</strong></span> <span class='ocrx_word' id='word_1_140' title='bbox 627 3125 760 3184; x_wconf 87' lang='lat' dir='ltr'><strong>Frater</strong></span> <span class='ocrx_word' id='word_1_141' title='bbox 780 3147 838 3197; x_wconf 83' lang='lat' dir='ltr'><strong>mr</strong></span> <span class='ocrx_word' id='word_1_142' title='bbox 859 3127 1046 3186; x_wconf 72' lang='lat' dir='ltr'><strong>sexte.-</strong></span> <span class='ocrx_word' id='word_1_143' title='bbox 1069 3123 1214 3183; x_wconf 87' lang='lat' dir='ltr'><strong>Melius·</strong></span> 
     </span>
     <span class='ocr_line' id='line_1_26' title="bbox 176 3207 1212 3289; baseline -0.001 -23"><span class='ocrx_word' id='word_1_144' title='bbox 176 3227 243 3287; x_wconf 84' lang='lat' dir='ltr'><strong>que</strong></span> <span class='ocrx_word' id='word_1_145' title='bbox 269 3214 334 3284; x_wconf 83' lang='lat' dir='ltr'><strong>est.</strong></span> <span class='ocrx_word' id='word_1_146' title='bbox 368 3209 462 3289; x_wconf 76' lang='lat' dir='ltr'><strong>Vulgo</strong></span> <span class='ocrx_word' id='word_1_147' title='bbox 494 3209 693 3288; x_wconf 77' lang='lat' dir='ltr'><strong>meliusque</strong></span> <span class='ocrx_word' id='word_1_148' title='bbox 723 3210 791 3268; x_wconf 88' lang='lat' dir='ltr'><strong>tibi</strong></span> <span class='ocrx_word' id='word_1_149' title='bbox 818 3217 881 3270; x_wconf 86' lang='lat' dir='ltr'><strong>est.</strong></span> <span class='ocrx_word' id='word_1_150' title='bbox 923 3212 963 3280; x_wconf 78' lang='lat' dir='ltr'><strong>At</strong></span> <span class='ocrx_word' id='word_1_151' title='bbox 983 3209 1109 3289; x_wconf 81' lang='lat' dir='ltr'><strong>plerique</strong></span> <span class='ocrx_word' id='word_1_152' title='bbox 1130 3207 1212 3266; x_wconf 81' lang='lat' dir='ltr'><strong>cedd.</strong></span> 
     </span>
     <span class='ocr_line' id='line_1_27' title="bbox 175 3292 1214 3375; baseline -0.002 -23"><span class='ocrx_word' id='word_1_153' title='bbox 175 3293 275 3352; x_wconf 83' lang='lat' dir='ltr'><strong>Krelrl.</strong></span> <span class='ocrx_word' id='word_1_154' title='bbox 298 3299 327 3351; x_wconf 89' lang='lat' dir='ltr'><strong>et</strong></span> <span class='ocrx_word' id='word_1_155' title='bbox 348 3293 410 3351; x_wconf 85' lang='lat' dir='ltr'><strong>edd.</strong></span> <span class='ocrx_word' id='word_1_156' title='bbox 435 3293 503 3366; x_wconf 76' lang='lat' dir='ltr'><strong>Fen.</strong></span> <span class='ocrx_word' id='word_1_157' title='bbox 526 3294 592 3353; x_wconf 88' lang='lat' dir='ltr'><strong>tibi</strong></span> <span class='ocrx_word' id='word_1_158' title='bbox 614 3292 753 3354; x_wconf 76' lang='lat' dir='ltr'><strong>omittunt</strong></span> <span class='ocrx_word' id='word_1_159' title='bbox 784 3295 879 3362; x_wconf 74' lang='lat' dir='ltr'><strong>Quare</strong></span> <span class='ocrx_word' id='word_1_160' title='bbox 901 3295 929 3353; x_wconf 90' lang='lat' dir='ltr'><strong>id</strong></span> <span class='ocrx_word' id='word_1_161' title='bbox 950 3312 1115 3375; x_wconf 82' lang='lat' dir='ltr'><strong>pronomen</strong></span> <span class='ocrx_word' id='word_1_162' title='bbox 1127 3293 1214 3352; x_wconf 86' lang='lat' dir='ltr'><strong>iuter·</strong></span> 
     </span>
     <span class='ocr_line' id='line_1_28' title="bbox 177 3377 1215 3458; baseline -0.002 -22"><span class='ocrx_word' id='word_1_163' title='bbox 177 3377 265 3457; x_wconf 76' lang='lat' dir='ltr'><strong>prelis</strong></span> <span class='ocrx_word' id='word_1_164' title='bbox 286 3379 436 3457; x_wconf 86' lang='lat' dir='ltr'><strong>putandum</strong></span> <span class='ocrx_word' id='word_1_165' title='bbox 459 3379 578 3439; x_wconf 85' lang='lat' dir='ltr'><strong>videtur.</strong></span> <span class='ocrx_word' id='word_1_166' title='bbox 621 3377 709 3438; x_wconf 89' lang='lat' dir='ltr'><strong>Nec</strong></span> <span class='ocrx_word' id='word_1_167' title='bbox 701 3398 757 3438; x_wconf 75' lang='lat' dir='ltr'><strong>laur</strong></span> <span class='ocrx_word' id='word_1_168' title='bbox 778 3399 848 3458; x_wconf 83' lang='lat' dir='ltr'><strong>epus</strong></span> <span class='ocrx_word' id='word_1_169' title='bbox 870 3387 915 3438; x_wconf 89' lang='lat' dir='ltr'><strong>est</strong></span> <span class='ocrx_word' id='word_1_170' title='bbox 935 3399 997 3438; x_wconf 79' lang='lat' dir='ltr'><strong>eum</strong></span> <span class='ocrx_word' id='word_1_171' title='bbox 1016 3377 1125 3436; x_wconf 86' lang='lat' dir='ltr'><strong>Bothiu</strong></span> <span class='ocrx_word' id='word_1_172' title='bbox 1147 3395 1215 3436; x_wconf 87' lang='lat' dir='ltr'><strong>cuu-</strong></span> 
     </span>
     <span class='ocr_line' id='line_1_29' title="bbox 177 3459 1215 3545; baseline -0.004 -23"><span class='ocrx_word' id='word_1_173' title='bbox 177 3471 223 3522; x_wconf 89' lang='lat' dir='ltr'><strong>tra</strong></span> <span class='ocrx_word' id='word_1_174' title='bbox 253 3462 387 3521; x_wconf 86' lang='lat' dir='ltr'><strong>librarum</strong></span> <span class='ocrx_word' id='word_1_175' title='bbox 413 3463 608 3522; x_wconf 80' lang='lat' dir='ltr'><strong>auctoritatem</strong></span> <span class='ocrx_word' id='word_1_176' title='bbox 635 3463 759 3525; x_wconf 86' lang='lat' dir='ltr'><strong>seribere</strong></span> <span class='ocrx_word' id='word_1_177' title='bbox 786 3464 842 3523; x_wconf 85' lang='lat' dir='ltr'><strong>dis</strong></span> <span class='ocrx_word' id='word_1_178' title='bbox 862 3464 1036 3545; x_wconf 79' lang='lat' dir='ltr'><strong>gratulor.</strong></span> <span class='ocrx_word' id='word_1_179' title='bbox 1059 3494 1101 3506; x_wconf 88' lang='lat'><strong>-·-</strong></span> <span class='ocrx_word' id='word_1_180' title='bbox 1131 3459 1215 3539; x_wconf 82' lang='lat' dir='ltr'><strong>Apud</strong></span> 
     </span>
     <span class='ocr_line' id='line_1_30' title="bbox 177 3544 1215 3630; baseline -0.002 -24"><span class='ocrx_word' id='word_1_181' title='bbox 177 3547 346 3626; x_wconf 86' lang='lat' dir='ltr'><strong>Nouiump.</strong></span> <span class='ocrx_word' id='word_1_182' title='bbox 366 3553 425 3608; x_wconf 88' lang='grc'><strong>116</strong></span> <span class='ocrx_word' id='word_1_183' title='bbox 448 3547 492 3606; x_wconf 85' lang='lat' dir='ltr'><strong>ed.</strong></span> <span class='ocrx_word' id='word_1_184' title='bbox 514 3548 602 3607; x_wconf 82' lang='lat' dir='ltr'><strong>Mero.</strong></span> <span class='ocrx_word' id='word_1_185' title='bbox 624 3544 693 3607; x_wconf 86' lang='lat' dir='ltr'><strong>haee</strong></span> <span class='ocrx_word' id='word_1_186' title='bbox 714 3550 896 3630; x_wconf 77' lang='lat' dir='ltr'><strong>leguntur.,</strong></span> <span class='ocrx_word' id='word_1_187' title='bbox 898 3546 1119 3619; x_wconf 84' lang='lat' dir='ltr'><strong>‚Gratulari,</strong></span> <span class='ocrx_word' id='word_1_188' title='bbox 1147 3565 1215 3627; x_wconf 78' lang='lat' dir='ltr'><strong>gra·</strong></span> 
     </span>
     <span class='ocr_line' id='line_1_31' title="bbox 177 3629 1215 3712; baseline -0.002 -22"><span class='ocrx_word' id='word_1_189' title='bbox 177 3632 233 3691; x_wconf 85' lang='lat' dir='ltr'><strong>tias</strong></span> <span class='ocrx_word' id='word_1_190' title='bbox 254 3651 352 3712; x_wconf 75' lang='lat' dir='ltr'><strong>agere.</strong></span> <span class='ocrx_word' id='word_1_191' title='bbox 374 3664 416 3676; x_wconf 87' lang='lat'><em>-</em></span> <span class='ocrx_word' id='word_1_192' title='bbox 436 3630 600 3691; x_wconf 84' lang='lat' dir='ltr'><strong>Afranius</strong></span> <span class='ocrx_word' id='word_1_193' title='bbox 591 3652 620 3691; x_wconf 87' lang='grc' dir='ltr'><strong>ιιι</strong></span> <span class='ocrx_word' id='word_1_194' title='bbox 643 3633 805 3693; x_wconf 86' lang='lat' dir='ltr'><strong>Ciuerariu:</strong></span> <span class='ocrx_word' id='word_1_195' title='bbox 829 3633 931 3700; x_wconf 74' lang='lat' dir='ltr'><strong>Quod</strong></span> <span class='ocrx_word' id='word_1_196' title='bbox 953 3633 1075 3693; x_wconf 88' lang='lat' dir='ltr'><strong>salvus</strong></span> <span class='ocrx_word' id='word_1_197' title='bbox 1097 3629 1215 3702; x_wconf 85' lang='lat' dir='ltr'><strong>venis,</strong></span> 
     </span>
     <span class='ocr_line' id='line_1_32' title="bbox 178 3670 1216 3798; baseline -0.003 -22"><span class='ocrx_word' id='word_1_198' title='bbox 178 3716 306 3776; x_wconf 88' lang='lat' dir='ltr'><strong>melius</strong></span> <span class='ocrx_word' id='word_1_199' title='bbox 337 3723 410 3790; x_wconf 81' lang='lat' dir='ltr'><strong>est,</strong></span> <span class='ocrx_word' id='word_1_200' title='bbox 438 3719 609 3798; x_wconf 77' lang='lat' dir='ltr'><strong>gratulor</strong></span> <span class='ocrx_word' id='word_1_201' title='bbox 641 3717 749 3776; x_wconf 86' lang='lat' dir='ltr'><strong>diis.“</strong></span> <span class='ocrx_word' id='word_1_202' title='bbox 804 3718 853 3777; x_wconf 80' lang='lat' dir='ltr'><strong>Sic</strong></span> <span class='ocrx_word' id='word_1_203' title='bbox 882 3718 965 3786; x_wconf 84' lang='lat' dir='ltr'><strong>etiam</strong></span> <span class='ocrx_word' id='word_1_204' title='bbox 996 3716 1151 3782; x_wconf 79' lang='lat' dir='ltr'><strong>Salmasius</strong></span> <span class='ocrx_word' id='word_1_205' title='bbox 1178 3670 1216 3774; x_wconf 74' lang='lat' dir='ltr'><strong>ati</strong></span> 
     </span>
     <span class='ocr_line' id='line_1_33' title="bbox 178 3783 1215 3881; baseline 0.002 -21"><span class='ocrx_word' id='word_1_206' title='bbox 178 3801 302 3860; x_wconf 86' lang='lat' dir='ltr'><strong>Tertull.</strong></span> <span class='ocrx_word' id='word_1_207' title='bbox 325 3801 359 3860; x_wconf 89' lang='lat' dir='ltr'><strong>de</strong></span> <span class='ocrx_word' id='word_1_208' title='bbox 380 3800 452 3862; x_wconf 86' lang='lat' dir='ltr'><strong>Pall</strong></span> <span class='ocrx_word' id='word_1_209' title='bbox 474 3824 501 3881; x_wconf 86' lang='lat' dir='ltr'>p</span> <span class='ocrx_word' id='word_1_210' title='bbox 519 3809 580 3864; x_wconf 83' lang='lat'><strong>385</strong></span> <span class='ocrx_word' id='word_1_211' title='bbox 603 3802 680 3864; x_wconf 75' lang='lat' dir='ltr'><strong>etl.</strong></span> <span class='ocrx_word' id='word_1_212' title='bbox 693 3783 736 3862; x_wconf 89' lang='lat' dir='ltr'><strong>F.</strong></span> <span class='ocrx_word' id='word_1_213' title='bbox 758 3793 919 3863; x_wconf 82' lang='lat' dir='ltr'><strong>Gronovius</strong></span> <span class='ocrx_word' id='word_1_214' title='bbox 941 3803 1101 3874; x_wconf 80' lang='lat' dir='ltr'><strong>Observatt.</strong></span> <span class='ocrx_word' id='word_1_215' title='bbox 1115 3801 1150 3859; x_wconf 91' lang='lat' dir='ltr'><strong>ll.</strong></span> <span class='ocrx_word' id='word_1_216' title='bbox 1166 3805 1215 3862; x_wconf 78' lang='lat'><strong>19</strong></span> 
     </span>
     <span class='ocr_line' id='line_1_34' title="bbox 178 3883 1217 3974; baseline -0.005 -27"><span class='ocrx_word' id='word_1_217' title='bbox 178 3907 206 3966; x_wconf 83' lang='lat' dir='ltr'><strong>p.</strong></span> <span class='ocrx_word' id='word_1_218' title='bbox 225 3893 287 3947; x_wconf 78' lang='lat'><strong>384</strong></span> <span class='ocrx_word' id='word_1_219' title='bbox 308 3884 420 3944; x_wconf 84' lang='lat' dir='ltr'><strong>Afranii</strong></span> <span class='ocrx_word' id='word_1_220' title='bbox 442 3887 527 3948; x_wconf 85' lang='lat' dir='ltr'><strong>verba</strong></span> <span class='ocrx_word' id='word_1_221' title='bbox 548 3885 673 3947; x_wconf 82' lang='lat' dir='ltr'><strong>laudaut.</strong></span> <span class='ocrx_word' id='word_1_222' title='bbox 711 3887 769 3946; x_wconf 88' lang='lat' dir='ltr'><strong>Sed</strong></span> <span class='ocrx_word' id='word_1_223' title='bbox 792 3888 970 3956; x_wconf 85' lang='lat' dir='ltr'><strong>vehementer</strong></span> <span class='ocrx_word' id='word_1_224' title='bbox 990 3885 1093 3974; x_wconf 82' lang='lat' dir='ltr'><strong>friget:</strong></span> <span class='ocrx_word' id='word_1_225' title='bbox 1116 3883 1217 3952; x_wconf 71' lang='lat' dir='ltr'><strong>Quod</strong></span> 
     </span>
     <span class='ocr_line' id='line_1_35' title="bbox 179 3949 834 4054; baseline 0.003 -24"><span class='ocrx_word' id='word_1_226' title='bbox 179 3966 302 4054; x_wconf 82' lang='lat' dir='ltr'><strong>salvu&#39;s</strong></span> <span class='ocrx_word' id='word_1_227' title='bbox 323 3971 445 4045; x_wconf 87' lang='lat' dir='ltr'><strong>venis,</strong></span> <span class='ocrx_word' id='word_1_228' title='bbox 466 3971 597 4046; x_wconf 84' lang='lat' dir='ltr'><strong>frater,</strong></span> <span class='ocrx_word' id='word_1_229' title='bbox 620 3949 748 4032; x_wconf 87' lang='lat' dir='ltr'><strong>melius</strong></span> <span class='ocrx_word' id='word_1_230' title='bbox 769 3979 834 4034; x_wconf 84' lang='lat' dir='ltr'><strong>est.</strong></span> 
     </span>
    </p>
   </div>
   <div class='ocr_carea' id='block_1_14' title="bbox 589 4120 791 4136">
    <p class='ocr_par' dir='ltr' id='par_1_14' title="bbox 589 4120 791 4136">
     <span class='ocr_line' id='line_1_36' title="bbox 589 4120 791 4136; baseline 0 -2"><span class='ocrx_word' id='word_1_231' title='bbox 589 4120 791 4136; x_wconf 53' lang='lat' dir='ltr'><strong><em>m</em></strong></span> 
     </span>
    </p>
   </div>
   <div class='ocr_carea' id='block_1_15' title="bbox 0 0 1482 4842">
    <p class='ocr_par' dir='ltr' id='par_1_15' title="bbox 0 0 1482 4842">
     <span class='ocr_line' id='line_1_37' title="bbox 0 0 1482 4842; baseline 0 0"><span class='ocrx_word' id='word_1_232' title='bbox 0 0 1482 4842; x_wconf 95' lang='lat' dir='ltr'><strong> </strong></span> 
     </span>
    </p>
   </div>
  </div>
 </body>
</html>
