2940 4838
1127 337 1210 414 207

166 521 314 580 Lacunam
344 515 471 598 explerit
491 516 572 577 little.
595 515 731 588 Ursinus,
758 513 885 575 scribens
907 523 1015 586 tanen,
1042 510 1128 591 idque
1149 511 1212 572 coar

169 605 331 686 Scaligero,
352 603 587 672 succrotilla,
610 619 693 679 quum
715 599 886 680 superfuerit
908 596 998 658 tilla.
1020 595 1104 656 Both.
1120 595 1211 677 suspi-

168 698 250 750 catur
270 687 471 768 -Loquebat
498 686 732 757 succrotilla,
760 703 859 764 quum,
886 685 961 763 quod
988 684 1068 743 llolv.
1090 681 1212 742 Ursinus

169 774 264 846 offert,
287 781 378 834 metro
400 792 456 832 nou
479 771 638 832 conueniat.
682 771 739 829 Sed
762 769 798 830 ol.
821 769 925 828 Titinii
946 769 1061 828 Incerti.
1077 767 1116 826 X.

650 921 732 982 xlx

256 1041 359 1102 Festus
386 1062 415 1102 r.
447 1040 563 1119 Tyria
588 1039 715 1113 muria,
752 1039 867 1122 Fragm.
903 1045 989 1119 pto
1018 1039 1062 1098 ed.
1089 1036 1211 1098 Decea:

170 1128 311 1206 „Tyria
344 1126 455 1186 maria
488 1129 517 1184 in
545 1125 724 1204 proverbium
754 1124 901 1183 deductum
935 1128 992 1195 est,
1022 1124 1096 1202 quod
1128 1124 1213 1204 'Pyro

160 1212 286 1272 oriundi
313 1211 404 1271 Poeni
426 1211 497 1270 adeo
520 1217 651 1289 potentes
676 1209 762 1268 maris
783 1209 915 1278 fuerunt,
938 1215 969 1266 ut
991 1209 1118 1267 omnibus
1140 1229 1214 1268 ruor-

171 1297 276 1357 talibus
297 1295 443 1378 navigatio
466 1302 543 1355 esset
563 1293 732 1374 periculosa.
774 1293 908 1352 Afranius
930 1293 958 1351 in
980 1293 1122 1373 Epistula:

235 1382 335 1440 llunc
357 1381 511 1440 serrium
533 1388 649 1439 autern
670 1379 781 1439 maria
801 1378 918 1457 'l'yria
939 1378 1113 1438 conciet.“

170 1467 268 1526 Locus
283 1472 328 1525 est
343 1467 522 1546 depravatus.
550 1465 649 1545 Steph.
672 1465 771 1524 Hunc
792 1482 930 1524 servum
953 1470 1069 1522 autem
1090 1484 1126 1524 m.
1137 1463 1177 1522 T.
1187 1483 1214 1522 c.

171 1552 286 1632 Lipsius
318 1549 464 1630 llpistolla
496 1557 604 1628 quaeat.
629 1549 678 1610 lll.
707 1556 748 1611 20
779 1549 877 1608 llunc
910 1546 1067 1608 ferreum
1098 1554 1215 1608 autem

172 1655 211 1696 m.
233 1637 273 1695 Τ.
295 1655 337 1708 c.;
359 1636 433 1716 qnod
454 1633 658 1714 interpretatur
679 1633 752 1693 lrnnc
773 1633 910 1692 bominem
933 1652 1061 1712 asperum
1082 1640 1113 1693 et
1134 1633 1216 1714 tangi

173 1719 361 1801 periculosum
388 1727 420 1778 nt
449 1717 536 1779 maria
557 1719 660 1798 Tyria.
703 1715 860 1790 Bacurius,
892 1716 1019 1797 Lipsium
1046 1718 1215 1799 improbans,

174 1807 325 1887 legendnm
347 1811 442 1884 putata
475 1803 542 1864 llic
571 1821 701 1865 servus
734 1803 843 1863 maria
864 1802 905 1860 Τ.
928 1823 968 1875 c.;
1000 1803 1073 1881 quod
1100 1804 1139 1863 sit
1159 1803 1217 1862 bic

174 1909 304 1951 servus
326 1889 398 1949 sibi
420 1888 562 1949 excitet
581 1889 694 1949 maria
714 1888 839 1966 Tyria,
861 1907 931 1947 rem
952 1889 1057 1948 valde
1078 1887 1216 1967 pericn-

172 1976 284 2035 losam
311 1973 546 2056 aggreditur,
577 1973 636 2034 vel:
669 1971 735 2033 llic
763 1973 891 2052 Syrius
919 1971 1028 2032 maria
1058 1972 1099 2033 Τ.
1122 1993 1157 2044 c.,
1184 1979 1217 2032 ut

175 2058 355 2141 proverbium
377 2060 413 2118 de
435 2077 469 2118 eo
490 2057 542 2130 sit,
565 2059 612 2136 qui
633 2059 837 2140 congrediatur
856 2077 918 2116 cum
940 2057 1114 2137 potentiore,
1142 2058 1217 2136 qood

178 2145 246 2224 Syri
274 2143 340 2204 olinr
366 2143 492 2202 imbelles
523 2143 672 2202 audierint.
715 2143 834 2203 Bolbins
856 2140 983 2202 coniicit:
1010 2143 1109 2202 llune
1136 2143 1216 2202 Ser-

172 2231 266 2292 rium
288 2235 404 2290 autom
426 2235 490 2298 eta,
512 2228 575 2288 vel:
598 2228 697 2288 llunc
717 2228 898 2288 servulum
919 2233 974 2288 etc.
1015 2225 1085 2287 Mili
1106 2226 1219 2308 quidem

174 2315 288 2374 dubium
309 2332 366 2373 non
388 2320 441 2384 est,
464 2310 530 2392 quin
552 2314 621 2372 baec
643 2311 792 2392 protulerit
813 2311 961 2372 Afranius:

219 2413 336 2486 Hune
360 2415 492 2486 serium
520 2421 659 2501 autem,
686 2405 805 2507 Ty‘rra
830 2414 956 2502 maria,
983 2405 1136 2488 educict.

66 2543 69 2554 l
174 2533 318 2604 Serius,
340 2530 415 2611 qood
437 2532 601 2593 vocabulum
623 2533 722 2592 merito
745 2533 887 2592 deducunt
907 2553 925 2592 a
946 2552 997 2606 se,
1021 2532 1049 2592 id
1071 2539 1125 2606 eat,
1146 2531 1217 2605 aina

176 2625 207 2695 at
227 2619 318 2689 risu,
339 2618 364 2676 is
386 2624 439 2693 ast,
462 2637 579 2696 quocum
600 2618 688 2678 iocari
710 2637 766 2676 non
788 2618 863 2677 licet.
901 2616 946 2676 Cf.
967 2617 1099 2700 Privigni
1113 2610 1218 2700 fragm.

104 2708 113 2721 “
176 2702 364 2780 lV.''l¹yria
389 2703 500 2761 maria
527 2709 621 2763 autem
642 2703 819 2763 scribendum
840 2722 921 2776 esse,
954 2722 1011 2762 non
1044 2710 1151 2762 matum
1180 2723 1218 2764 ex

175 2789 239 2867 ipso
260 2789 347 2848 Festo
369 2794 457 2866 patet,
480 2789 635 2849 sedetiam
658 2788 733 2862 inde,
754 2788 829 2865 qood
850 2787 943 2867 potior
964 2787 1042 2847 notio
1057 2789 1086 2847 in
1102 2785 1226 2866 Tyria

179 2881 239 2944 cst,
267 2871 374 2932 nonin
397 2873 515 2930 maria.
559 2873 710 2931 Sententia
730 2871 879 2932 manifesta
902 2880 960 2932 est:
988 2873 1070 2933 lluuc
1090 2885 1218 2940 sevorum

126 2995 134 3014 .
178 2967 265 3036 atque
286 2962 439 3028 austerum,
462 2957 544 3036 quasi
565 2958 657 3036 Tyria
678 2957 775 3029 maria,
797 2956 958 3031 concitabit,
980 2959 1041 3019 sive
1061 2958 1192 3018 irritabit.

266 3227 345 3285 llaec
374 3224 470 3285 fabula
490 3226 573 3285 modo
595 3227 763 3306 Epistula
784 3227 900 3299 dicitur,
932 3228 1014 3286 modo
1036 3227 1218 3308 Epistola.

182 3310 253 3371 lllnd
284 3310 438 3393 genuinum
467 3331 532 3374 esse
559 3312 685 3370 arbitror
714 3313 793 3384 ideo,
833 3313 908 3391 quod
934 3311 1046 3372 facilius
1078 3312 1220 3391 antiquior

178 3395 414 3459 dormattousire
434 3397 528 3475 potuit
547 3397 577 3456 in
599 3396 799 3468 recentiorem,
831 3416 912 3476 quam
932 3397 1075 3458 recentior
1095 3397 1125 3457 in
1137 3391 1220 3458 'anti-

180 3482 316 3563 quioram.
359 3481 444 3538 llrrat
470 3488 562 3539 autem
589 3482 676 3541 lladr.
694 3482 799 3540 'lunius
821 3483 936 3542 Elencb.
957 3490 1065 3544 auctor.
1088 3483 1124 3543 ad
1144 3483 1220 3544 Non.

152 3625 154 3628 .
179 3589 207 3646 p.
225 3572 260 3638 4,
282 3584 365 3644 quum
386 3562 533 3623 Afranium
548 3565 703 3646 'Epistolas
728 3567 877 3645 scripsisse
905 3567 1041 3647 perbibet.
1084 3568 1108 3625 ll
1131 3569 1222 3628 Graa-

181 3671 277 3730 corum
304 3649 397 3730 potitis
423 3647 561 3710 scaenicis
578 3645 805 3730 Ἐπιστολὴν
825 3649 960 3712 docuerat
980 3648 1095 3726 blacbo,
1124 3673 1141 3713 e
1162 3652 1222 3712 llo·

180 3737 270 3795 manis
296 3733 496 3814 Epistolarn
523 3735 673 3796 Caecilius.
718 3736 865 3816 Quumque
887 3738 970 3796 etiam
991 3738 1127 3797 Asotus
1149 3739 1222 3798 Cae·

180 3816 239 3880 ¹ollii
261 3827 499 3892 commemorator,
523 3821 718 3906 suspicabatur
739 3822 786 3880 lo.
804 3823 915 3881 Valent.
932 3823 1098 3894 Franokius,
1117 3831 1222 3881 utram-
1241 3877 1246 3901 x

181 3919 238 3984 qne
259 3905 376 3964 undem
396 3903 486 3964 fuisse
507 3904 638 3979 fabulam,
659 3923 699 3964 ex
720 3907 865 3985 llutbyclis
881 3901 1062 3978 Ἀσώτοις
1081 3902 1101 3986 ἢ
1119 3903 1223 3967 Ἐπι-

182 3987 299 4070 arolfi
326 4009 501 4068 expressam,
532 3990 650 4069 eiusque
676 3999 871 4072 argumentum
903 3991 993 4052 simile
1018 3989 1109 4052 fuisse
1135 4011 1221 4074 argu-

181 4081 275 4134 mento
295 4075 485 4134 Menandreae
506 4077 683 4146 comoediae,
708 4073 931 4160 (θησαυροῦ,
953 4097 972 4136 a
991 4073 1097 4136 Luscio
1116 4077 1221 4136 Latina

181 4158 324 4231 redditae,
356 4159 435 4220 enus
455 4159 580 4220 Latinae
600 4179 733 4220 summam
754 4160 885 4222 llanatru
905 4168 1021 4222 enarrat
1039 4162 1078 4222 ad
1099 4162 1220 4222 Tenent.
