<?xml version="1.0" encoding="UTF-8"?>
<!DOCTYPE html PUBLIC "-//W3C//DTD XHTML 1.0 Transitional//EN"
    "http://www.w3.org/TR/xhtml1/DTD/xhtml1-transitional.dtd">
<html xmlns="http://www.w3.org/1999/xhtml" xml:lang="en" lang="en">
 <head>
  <title>
</title>
<meta http-equiv="Content-Type" content="text/html;charset=utf-8" />
  <meta name='ocr-system' content='tesseract 3.04.00' />
  <meta name='ocr-capabilities' content='ocr_page ocr_carea ocr_par ocr_line ocrx_word'/>
</head>
<body>
  <div class='ocr_page' id='page_1' title='image "./defabulatogatar01neukgoog_0033.png"; bbox 0 0 2938 4848; ppageno 0'>
   <div class='ocr_carea' id='block_1_1' title="bbox 271 363 320 442">
    <p class='ocr_par' dir='ltr' id='par_1_1' title="bbox 271 363 320 442">
     <span class='ocr_line' id='line_1_1' title="bbox 271 363 320 442; baseline 0 0"><span class='ocrx_word' id='word_1_1' title='bbox 271 363 320 442; x_wconf 77' lang='lat'><strong>{8</strong></span> 
     </span>
    </p>
   </div>
   <div class='ocr_carea' id='block_1_2' title="bbox 175 525 1448 736">
    <p class='ocr_par' dir='ltr' id='par_1_2' title="bbox 175 525 1448 736">
     <span class='ocr_line' id='line_1_2' title="bbox 175 525 1448 636; baseline 0.005 -26"><span class='ocrx_word' id='word_1_2' title='bbox 175 525 181 544; x_wconf 57' lang='grc'><strong>“</strong></span> <span class='ocrx_word' id='word_1_3' title='bbox 242 533 452 636; x_wconf 61' lang='grc' dir='ltr'><strong>Ιδοοὶεὸθμ</strong></span> <span class='ocrx_word' id='word_1_4' title='bbox 487 537 727 626; x_wconf 85' lang='lat' dir='ltr'><strong>‚,I)icitur--</strong></span> <span class='ocrx_word' id='word_1_5' title='bbox 741 537 896 610; x_wconf 90' lang='lat' dir='ltr'><strong>Plautus</strong></span> <span class='ocrx_word' id='word_1_6' title='bbox 917 543 963 611; x_wconf 88' lang='lat' dir='ltr'><strong>ad</strong></span> <span class='ocrx_word' id='word_1_7' title='bbox 989 541 1175 632; x_wconf 86' lang='lat' dir='ltr'><strong>exemplar</strong></span> <span class='ocrx_word' id='word_1_8' title='bbox 1195 540 1311 614; x_wconf 81' lang='lat' dir='ltr'><strong>Siculi</strong></span> <span class='ocrx_word' id='word_1_9' title='bbox 1447 591 1448 616; x_wconf 72' lang='lat' dir='ltr'><strong>t</strong></span> 
     </span>
     <span class='ocr_line' id='line_1_3' title="bbox 222 640 1448 736; baseline 0.003 -25"><span class='ocrx_word' id='word_1_10' title='bbox 222 693 240 736; x_wconf 58' lang='lat'>4</span> <span class='ocrx_word' id='word_1_11' title='bbox 268 663 463 733; x_wconf 83' lang='lat' dir='ltr'><strong>properare</strong></span> <span class='ocrx_word' id='word_1_12' title='bbox 503 640 762 732; x_wconf 83' lang='lat' dir='ltr'><strong>Epicharmi,“</strong></span> <span class='ocrx_word' id='word_1_13' title='bbox 809 643 942 732; x_wconf 70' lang='lat' dir='ltr'><strong>poetae</strong></span> <span class='ocrx_word' id='word_1_14' title='bbox 985 641 1101 714; x_wconf 84' lang='lat' dir='ltr'><strong>Siculi</strong></span> <span class='ocrx_word' id='word_1_15' title='bbox 1139 640 1311 714; x_wconf 87' lang='lat' dir='ltr'><strong>Pluutum</strong></span> <span class='ocrx_word' id='word_1_16' title='bbox 1447 665 1448 686; x_wconf 71' lang='lat'>³</span> 
     </span>
    </p>
   </div>
   <div class='ocr_carea' id='block_1_3' title="bbox 266 737 1310 1344">
    <p class='ocr_par' dir='ltr' id='par_1_3' title="bbox 266 737 1310 1344">
     <span class='ocr_line' id='line_1_4' title="bbox 266 737 1309 834; baseline 0.003 -21"><span class='ocrx_word' id='word_1_17' title='bbox 266 737 383 814; x_wconf 83' lang='lat' dir='ltr'><strong>fuisse</strong></span> <span class='ocrx_word' id='word_1_18' title='bbox 430 743 646 814; x_wconf 75' lang='lat' dir='ltr'><strong>imitatorem</strong></span> <span class='ocrx_word' id='word_1_19' title='bbox 686 745 724 814; x_wconf 92' lang='lat' dir='ltr'><strong>in</strong></span> <span class='ocrx_word' id='word_1_20' title='bbox 768 745 1017 834; x_wconf 87' lang='lat' dir='ltr'><strong>componenda</strong></span> <span class='ocrx_word' id='word_1_21' title='bbox 1063 745 1133 814; x_wconf 88' lang='lat' dir='ltr'><strong>buc</strong></span> <span class='ocrx_word' id='word_1_22' title='bbox 1170 745 1309 816; x_wconf 83' lang='lat' dir='ltr'><strong>fabula.</strong></span> 
     </span>
     <span class='ocr_line' id='line_1_5' title="bbox 267 843 1310 938; baseline 0.001 -21"><span class='ocrx_word' id='word_1_23' title='bbox 267 843 363 917; x_wconf 90' lang='lat' dir='ltr'><strong>Nam</strong></span> <span class='ocrx_word' id='word_1_24' title='bbox 396 846 541 916; x_wconf 77' lang='lat' dir='ltr'>Horatii</span> <span class='ocrx_word' id='word_1_25' title='bbox 578 849 692 917; x_wconf 88' lang='lat' dir='ltr'><strong>verba</strong></span> <span class='ocrx_word' id='word_1_26' title='bbox 732 852 768 915; x_wconf 87' lang='lat' dir='ltr'><strong>et</strong></span> <span class='ocrx_word' id='word_1_27' title='bbox 800 847 930 916; x_wconf 81' lang='lat' dir='ltr'><strong>referri</strong></span> <span class='ocrx_word' id='word_1_28' title='bbox 961 855 1114 938; x_wconf 80' lang='lat' dir='ltr'><strong>possunt</strong></span> <span class='ocrx_word' id='word_1_29' title='bbox 1149 855 1184 916; x_wconf 81' lang='lat' dir='ltr'><strong>et</strong></span> <span class='ocrx_word' id='word_1_30' title='bbox 1215 849 1310 918; x_wconf 88' lang='lat' dir='ltr'><strong>refe·</strong></span> 
     </span>
     <span class='ocr_line' id='line_1_6' title="bbox 267 947 1310 1040; baseline 0.002 -23"><span class='ocrx_word' id='word_1_31' title='bbox 267 950 380 1018; x_wconf 89' lang='lat' dir='ltr'><strong>reuda</strong></span> <span class='ocrx_word' id='word_1_32' title='bbox 416 956 500 1018; x_wconf 84' lang='lat' dir='ltr'><strong>sunt</strong></span> <span class='ocrx_word' id='word_1_33' title='bbox 538 951 586 1020; x_wconf 88' lang='lat' dir='ltr'><strong>ad</strong></span> <span class='ocrx_word' id='word_1_34' title='bbox 618 948 710 1018; x_wconf 90' lang='lat' dir='ltr'><strong>alias</strong></span> <span class='ocrx_word' id='word_1_35' title='bbox 749 947 913 1034; x_wconf 86' lang='lat' dir='ltr'><strong>fabulas,</strong></span> <span class='ocrx_word' id='word_1_36' title='bbox 933 965 936 973; x_wconf 89' lang='grc'>’</span> <span class='ocrx_word' id='word_1_37' title='bbox 954 969 1044 1040; x_wconf 88' lang='lat' dir='ltr'><strong>quas</strong></span> <span class='ocrx_word' id='word_1_38' title='bbox 1084 948 1310 1019; x_wconf 81' lang='lat' dir='ltr'><strong>Sarsinatem</strong></span> 
     </span>
     <span class='ocr_line' id='line_1_7' title="bbox 268 1049 1309 1148; baseline 0.003 -31"><span class='ocrx_word' id='word_1_39' title='bbox 268 1072 316 1121; x_wconf 86' lang='lat' dir='ltr'><strong>ex</strong></span> <span class='ocrx_word' id='word_1_40' title='bbox 330 1049 581 1140; x_wconf 82' lang='lat' dir='ltr'><strong>Epicharmeis</strong></span> <span class='ocrx_word' id='word_1_41' title='bbox 595 1049 727 1120; x_wconf 89' lang='lat' dir='ltr'><strong>Latine</strong></span> <span class='ocrx_word' id='word_1_42' title='bbox 744 1050 972 1140; x_wconf 78' lang='lat' dir='ltr'>expressisse</span> <span class='ocrx_word' id='word_1_43' title='bbox 994 1049 1203 1148; x_wconf 55' lang='lat' dir='ltr'><strong>constare).</strong></span> <span class='ocrx_word' id='word_1_44' title='bbox 1237 1049 1309 1120; x_wconf 84' lang='lat' dir='ltr'><strong>Ea·</strong></span> 
     </span>
     <span class='ocr_line' id='line_1_8' title="bbox 267 1152 1308 1244; baseline 0.002 -24"><span class='ocrx_word' id='word_1_45' title='bbox 267 1152 350 1221; x_wconf 89' lang='lat' dir='ltr'><strong>dem</strong></span> <span class='ocrx_word' id='word_1_46' title='bbox 376 1152 548 1244; x_wconf 84' lang='lat' dir='ltr'><strong>denique,</strong></span> <span class='ocrx_word' id='word_1_47' title='bbox 583 1173 677 1244; x_wconf 87' lang='lat' dir='ltr'><strong>quae</strong></span> <span class='ocrx_word' id='word_1_48' title='bbox 702 1152 1050 1243; x_wconf 78' lang='lat' dir='ltr'><strong>tragicooomoedia‚</strong></span> <span class='ocrx_word' id='word_1_49' title='bbox 1084 1161 1162 1221; x_wconf 83' lang='lat' dir='ltr'><strong>erat</strong></span> <span class='ocrx_word' id='word_1_50' title='bbox 1188 1152 1308 1238; x_wconf 81' lang='lat' dir='ltr'><strong>etiam,</strong></span> 
     </span>
     <span class='ocr_line' id='line_1_9' title="bbox 267 1253 1307 1344; baseline 0.001 -23"><span class='ocrx_word' id='word_1_51' title='bbox 267 1273 361 1344; x_wconf 85' lang='lat' dir='ltr'><strong>quae</strong></span> <span class='ocrx_word' id='word_1_52' title='bbox 383 1253 571 1324; x_wconf 72' lang='lat' dir='ltr'><strong>dicebatur</strong></span> <span class='ocrx_word' id='word_1_53' title='bbox 596 1253 767 1323; x_wconf 82' lang='lat' dir='ltr'><strong>Italica</strong></span> <span class='ocrx_word' id='word_1_54' title='bbox 794 1255 1047 1340; x_wconf 88' lang='lat' dir='ltr'><strong>comoedia,</strong></span> <span class='ocrx_word' id='word_1_55' title='bbox 1081 1254 1184 1324; x_wconf 91' lang='lat' dir='ltr'><strong>cuius</strong></span> <span class='ocrx_word' id='word_1_56' title='bbox 1210 1275 1307 1324; x_wconf 80' lang='lat' dir='ltr'><strong>meu-</strong></span> 
     </span>
    </p>
   </div>
   <div class='ocr_carea' id='block_1_4' title="bbox 266 1351 1421 1448">
    <p class='ocr_par' dir='ltr' id='par_1_4' title="bbox 266 1351 1421 1448">
     <span class='ocr_line' id='line_1_10' title="bbox 266 1351 1421 1448; baseline 0.003 -24"><span class='ocrx_word' id='word_1_57' title='bbox 266 1355 400 1424; x_wconf 84' lang='lat' dir='ltr'><strong>tionem</strong></span> <span class='ocrx_word' id='word_1_58' title='bbox 425 1354 797 1443; x_wconf 81' lang='lat' dir='ltr'><strong>facitAtbenaeus⁶¹)</strong></span> <span class='ocrx_word' id='word_1_59' title='bbox 824 1353 881 1424; x_wconf 90' lang='lat' dir='ltr'><strong>his</strong></span> <span class='ocrx_word' id='word_1_60' title='bbox 907 1355 1046 1426; x_wconf 86' lang='lat' dir='ltr'><strong>verbis:</strong></span> <span class='ocrx_word' id='word_1_61' title='bbox 1073 1351 1308 1448; x_wconf 82' lang='grc' dir='ltr'><em>,,Σκίρας-</em></span> <span class='ocrx_word' id='word_1_62' title='bbox 1418 1397 1421 1404; x_wconf 87' lang='lat'><em>·</em></span> 
     </span>
    </p>
   </div>
   <div class='ocr_carea' id='block_1_5' title="bbox 266 1445 1345 1955">
    <p class='ocr_par' dir='ltr' id='par_1_5' title="bbox 266 1445 1345 1855">
     <span class='ocr_line' id='line_1_11' title="bbox 266 1445 1308 1548; baseline 0 -22"><span class='ocrx_word' id='word_1_63' title='bbox 266 1451 318 1536; x_wconf 79' lang='grc' dir='ltr'><strong>εἷς</strong></span> <span class='ocrx_word' id='word_1_64' title='bbox 335 1451 373 1526; x_wconf 72' lang='grc' dir='ltr'><strong>δ’</strong></span> <span class='ocrx_word' id='word_1_65' title='bbox 397 1453 500 1527; x_wconf 78' lang='grc' dir='ltr'><em>ἔστιν</em></span> <span class='ocrx_word' id='word_1_66' title='bbox 522 1445 631 1534; x_wconf 82' lang='grc' dir='ltr'><em>οὗτος</em></span> <span class='ocrx_word' id='word_1_67' title='bbox 651 1461 716 1548; x_wconf 83' lang='grc' dir='ltr'><strong>τῆς</strong></span> <span class='ocrx_word' id='word_1_68' title='bbox 728 1454 904 1548; x_wconf 76' lang='grc' dir='ltr'><em>Ἰταλικῆς</em></span> <span class='ocrx_word' id='word_1_69' title='bbox 925 1453 1151 1548; x_wconf 78' lang='grc' dir='ltr'><em>καλουμένης</em></span> <span class='ocrx_word' id='word_1_70' title='bbox 1173 1481 1308 1548; x_wconf 81' lang='grc' dir='ltr'><em>κωμῳ-</em></span> 
     </span>
     <span class='ocr_line' id='line_1_12' title="bbox 266 1550 1345 1656; baseline -0.001 -27"><span class='ocrx_word' id='word_1_71' title='bbox 266 1553 351 1636; x_wconf 83' lang='grc' dir='ltr'><em>δίας</em></span> <span class='ocrx_word' id='word_1_72' title='bbox 377 1553 545 1650; x_wconf 79' lang='grc' dir='ltr'><em>ποιητὴς,</em></span> <span class='ocrx_word' id='word_1_73' title='bbox 585 1553 692 1656; x_wconf 72' lang='grc' dir='ltr'><em>γένος</em></span> <span class='ocrx_word' id='word_1_74' title='bbox 716 1554 944 1652; x_wconf 66' lang='grc' dir='ltr'><em>Ταραντῖνος</em></span> <span class='ocrx_word' id='word_1_75' title='bbox 964 1599 1016 1610; x_wconf 88' lang='lat'><strong>--</strong></span> <span class='ocrx_word' id='word_1_76' title='bbox 1037 1558 1078 1629; x_wconf 81' lang='grc' dir='ltr'><strong>ἐν</strong></span> <span class='ocrx_word' id='word_1_77' title='bbox 1098 1550 1307 1656; x_wconf 76' lang='grc' dir='ltr'><strong>Μελεάγρῳ</strong></span> <span class='ocrx_word' id='word_1_78' title='bbox 1342 1553 1345 1558; x_wconf 72' lang='grc'><strong>’</strong></span> 
     </span>
     <span class='ocr_line' id='line_1_13' title="bbox 266 1651 1020 1754; baseline 0.005 -26"><span class='ocrx_word' id='word_1_79' title='bbox 266 1651 399 1754; x_wconf 78' lang='grc' dir='ltr'><em>φησίν·</em></span> <span class='ocrx_word' id='word_1_80' title='bbox 838 1651 841 1663; x_wconf 61' lang='lat'><em>&#39;</em></span> <span class='ocrx_word' id='word_1_81' title='bbox 1018 1727 1020 1732; x_wconf 89' lang='lat'><em>.</em></span> 
     </span>
     <span class='ocr_line' id='line_1_14' title="bbox 356 1753 1147 1855; baseline 0.003 -27"><span class='ocrx_word' id='word_1_82' title='bbox 356 1755 465 1830; x_wconf 63' lang='grc' dir='ltr'><strong>Ἔνθ’</strong></span> <span class='ocrx_word' id='word_1_83' title='bbox 495 1755 582 1830; x_wconf 66' lang='grc' dir='ltr'><strong>οὔτέ</strong></span> <span class='ocrx_word' id='word_1_84' title='bbox 605 1755 744 1852; x_wconf 75' lang='grc' dir='ltr'><em>ποιμὴν</em></span> <span class='ocrx_word' id='word_1_85' title='bbox 769 1756 867 1841; x_wconf 79' lang='grc' dir='ltr'><em>ἀξιοῖ</em></span> <span class='ocrx_word' id='word_1_86' title='bbox 889 1755 1014 1854; x_wconf 79' lang='grc' dir='ltr'><em>νέμειν</em></span> <span class='ocrx_word' id='word_1_87' title='bbox 1038 1753 1147 1855; x_wconf 80' lang='grc' dir='ltr'><em>βοτά,</em></span> 
     </span>
    </p>

    <p class='ocr_par' dir='ltr' id='par_1_6' title="bbox 371 1855 1226 1955">
     <span class='ocr_line' id='line_1_15' title="bbox 371 1855 1226 1955; baseline -0.002 -22"><span class='ocrx_word' id='word_1_88' title='bbox 371 1857 455 1933; x_wconf 69' lang='lat' dir='ltr'><strong>Odr’</strong></span> <span class='ocrx_word' id='word_1_89' title='bbox 486 1856 698 1955; x_wconf 76' lang='grc' dir='ltr'><em>ἀσχέδωρος</em></span> <span class='ocrx_word' id='word_1_90' title='bbox 720 1856 924 1955; x_wconf 76' lang='grc' dir='ltr'><em>νεμόμενος</em></span> <span class='ocrx_word' id='word_1_91' title='bbox 948 1855 1226 1954; x_wconf 78' lang='grc' dir='ltr'><em>καπρώζεται.“</em></span> 
     </span>
    </p>
   </div>
   <div class='ocr_carea' id='block_1_6' title="bbox 166 1961 1307 2056">
    <p class='ocr_par' dir='ltr' id='par_1_7' title="bbox 166 1961 1307 2056">
     <span class='ocr_line' id='line_1_16' title="bbox 166 1961 1307 2056; baseline -0.003 -21"><span class='ocrx_word' id='word_1_92' title='bbox 166 2049 169 2053; x_wconf 38' lang='grc'><em>,</em></span> <span class='ocrx_word' id='word_1_93' title='bbox 264 1962 361 2035; x_wconf 89' lang='lat' dir='ltr'><strong>Nam</strong></span> <span class='ocrx_word' id='word_1_94' title='bbox 387 1963 580 2039; x_wconf 77' lang='lat' dir='ltr'><strong>manifesto</strong></span> <span class='ocrx_word' id='word_1_95' title='bbox 607 1961 666 2034; x_wconf 91' lang='lat' dir='ltr'><strong>hic</strong></span> <span class='ocrx_word' id='word_1_96' title='bbox 690 1961 880 2056; x_wconf 78' lang='lat' dir='ltr'>Meleager</span> <span class='ocrx_word' id='word_1_97' title='bbox 910 1987 976 2056; x_wconf 87' lang='lat' dir='ltr'><strong>pro</strong></span> <span class='ocrx_word' id='word_1_98' title='bbox 1001 1964 1131 2035; x_wconf 87' lang='lat' dir='ltr'><strong>Italica</strong></span> <span class='ocrx_word' id='word_1_99' title='bbox 1165 1982 1307 2034; x_wconf 63' lang='lat' dir='ltr'><strong>cosroe</strong></span> 
     </span>
    </p>
   </div>
   <div class='ocr_carea' id='block_1_7' title="bbox 264 2064 1308 2565">
    <p class='ocr_par' dir='ltr' id='par_1_8' title="bbox 264 2064 1308 2565">
     <span class='ocr_line' id='line_1_17' title="bbox 266 2064 1307 2158; baseline -0.001 -21"><span class='ocrx_word' id='word_1_100' title='bbox 266 2065 345 2152; x_wconf 87' lang='lat' dir='ltr'><strong>dia,</strong></span> <span class='ocrx_word' id='word_1_101' title='bbox 373 2085 467 2158; x_wconf 86' lang='lat' dir='ltr'><strong>quae</strong></span> <span class='ocrx_word' id='word_1_102' title='bbox 489 2067 693 2151; x_wconf 70' lang='lat' dir='ltr'><strong>dicebatur,</strong></span> <span class='ocrx_word' id='word_1_103' title='bbox 720 2066 928 2156; x_wconf 86' lang='lat' dir='ltr'><strong>accipienda</strong></span> <span class='ocrx_word' id='word_1_104' title='bbox 954 2072 1027 2155; x_wconf 84' lang='lat' dir='ltr'><strong>est3</strong></span> <span class='ocrx_word' id='word_1_105' title='bbox 1053 2074 1159 2158; x_wconf 81' lang='lat' dir='ltr'><strong>atque</strong></span> <span class='ocrx_word' id='word_1_106' title='bbox 1183 2064 1307 2136; x_wconf 86' lang='lat' dir='ltr'><strong>iuscri-</strong></span> 
     </span>
     <span class='ocr_line' id='line_1_18' title="bbox 265 2165 1307 2260; baseline -0.004 -22"><span class='ocrx_word' id='word_1_107' title='bbox 265 2170 342 2260; x_wconf 85' lang='lat' dir='ltr'><strong>ptio</strong></span> <span class='ocrx_word' id='word_1_108' title='bbox 375 2180 457 2237; x_wconf 80' lang='lat' dir='ltr'><strong>uum</strong></span> <span class='ocrx_word' id='word_1_109' title='bbox 482 2169 686 2259; x_wconf 71' lang='lat' dir='ltr'><strong>fragmento</strong></span> <span class='ocrx_word' id='word_1_110' title='bbox 719 2170 842 2254; x_wconf 87' lang='lat' dir='ltr'><strong>docet,</strong></span> <span class='ocrx_word' id='word_1_111' title='bbox 883 2169 1044 2238; x_wconf 81' lang='lat' dir='ltr'><strong>tabulam</strong></span> <span class='ocrx_word' id='word_1_112' title='bbox 1078 2189 1111 2237; x_wconf 87' lang='lat' dir='ltr'><strong>a</strong></span> <span class='ocrx_word' id='word_1_113' title='bbox 1132 2165 1307 2238; x_wconf 85' lang='lat' dir='ltr'><strong>Rhiotbo·</strong></span> 
     </span>
     <span class='ocr_line' id='line_1_19' title="bbox 265 2269 1308 2342; baseline -0.001 -3"><span class='ocrx_word' id='word_1_114' title='bbox 265 2271 348 2340; x_wconf 91' lang='lat' dir='ltr'><strong>nica</strong></span> <span class='ocrx_word' id='word_1_115' title='bbox 374 2271 556 2339; x_wconf 87' lang='lat' dir='ltr'><strong>diversam</strong></span> <span class='ocrx_word' id='word_1_116' title='bbox 581 2291 655 2338; x_wconf 88' lang='lat' dir='ltr'><strong>non</strong></span> <span class='ocrx_word' id='word_1_117' title='bbox 680 2270 805 2341; x_wconf 82' lang='lat' dir='ltr'><strong>fuisse.</strong></span> <span class='ocrx_word' id='word_1_118' title='bbox 857 2269 988 2342; x_wconf 81' lang='lat' dir='ltr'><strong>Italico</strong></span> <span class='ocrx_word' id='word_1_119' title='bbox 1020 2291 1065 2339; x_wconf 89' lang='lat' dir='ltr'><strong>ea</strong></span> <span class='ocrx_word' id='word_1_120' title='bbox 1097 2271 1193 2340; x_wconf 86' lang='lat' dir='ltr'><strong>dicta</strong></span> <span class='ocrx_word' id='word_1_121' title='bbox 1226 2288 1308 2338; x_wconf 87' lang='lat' dir='ltr'><strong>esso</strong></span> 
     </span>
     <span class='ocr_line' id='line_1_20' title="bbox 264 2365 1308 2464; baseline -0.003 -21"><span class='ocrx_word' id='word_1_122' title='bbox 264 2373 410 2446; x_wconf 81' lang='lat' dir='ltr'><strong>videtur</strong></span> <span class='ocrx_word' id='word_1_123' title='bbox 434 2393 458 2440; x_wconf 89' lang='lat' dir='ltr'><strong>a</strong></span> <span class='ocrx_word' id='word_1_124' title='bbox 482 2365 652 2458; x_wconf 79' lang='lat' dir='ltr'><strong>Graecis,</strong></span> <span class='ocrx_word' id='word_1_125' title='bbox 679 2373 778 2464; x_wconf 88' lang='lat' dir='ltr'><strong>quod</strong></span> <span class='ocrx_word' id='word_1_126' title='bbox 800 2393 844 2441; x_wconf 87' lang='lat' dir='ltr'><strong>ea</strong></span> <span class='ocrx_word' id='word_1_127' title='bbox 868 2373 949 2441; x_wconf 86' lang='lat' dir='ltr'><strong>sola</strong></span> <span class='ocrx_word' id='word_1_128' title='bbox 971 2368 1115 2443; x_wconf 87' lang='lat' dir='ltr'><strong>Graeca</strong></span> <span class='ocrx_word' id='word_1_129' title='bbox 1141 2373 1178 2442; x_wconf 92' lang='lat' dir='ltr'><strong>iu</strong></span> <span class='ocrx_word' id='word_1_130' title='bbox 1198 2369 1308 2444; x_wconf 82' lang='lat' dir='ltr'><strong>Italia</strong></span> 
     </span>
     <span class='ocr_line' id='line_1_21' title="bbox 265 2473 1105 2565; baseline 0.002 -23"><span class='ocrx_word' id='word_1_131' title='bbox 265 2474 413 2544; x_wconf 89' lang='lat' dir='ltr'><strong>iuventa</strong></span> <span class='ocrx_word' id='word_1_132' title='bbox 437 2480 516 2542; x_wconf 83' lang='lat' dir='ltr'><strong>orat</strong></span> <span class='ocrx_word' id='word_1_133' title='bbox 541 2473 664 2565; x_wconf 80' lang='lat' dir='ltr'><strong>ibique</strong></span> <span class='ocrx_word' id='word_1_134' title='bbox 688 2474 845 2543; x_wconf 80' lang='lat' dir='ltr'><strong>maxime</strong></span> <span class='ocrx_word' id='word_1_135' title='bbox 870 2475 1105 2544; x_wconf 79' lang='lat' dir='ltr'><strong>scribebatur.</strong></span> 
     </span>
    </p>
   </div>
   <div class='ocr_carea' id='block_1_8' title="bbox 206 2671 1307 3884">
    <p class='ocr_par' dir='ltr' id='par_1_9' title="bbox 206 2671 1307 3884">
     <span class='ocr_line' id='line_1_22' title="bbox 367 2671 1306 2764; baseline 0.003 -20"><span class='ocrx_word' id='word_1_136' title='bbox 367 2671 634 2748; x_wconf 85' lang='lat' dir='ltr'><strong>Vindicandum</strong></span> <span class='ocrx_word' id='word_1_137' title='bbox 666 2680 786 2745; x_wconf 86' lang='lat' dir='ltr'><strong>autem</strong></span> <span class='ocrx_word' id='word_1_138' title='bbox 811 2675 968 2746; x_wconf 89' lang='lat' dir='ltr'><strong>arbitror</strong></span> <span class='ocrx_word' id='word_1_139' title='bbox 992 2695 1147 2746; x_wconf 83' lang='lat' dir='ltr'><strong>scaenae</strong></span> <span class='ocrx_word' id='word_1_140' title='bbox 1172 2673 1306 2764; x_wconf 77' lang='lat' dir='ltr'><strong>Romu·</strong></span> 
     </span>
     <span class='ocr_line' id='line_1_23' title="bbox 264 2775 1305 2868; baseline -0.002 -21"><span class='ocrx_word' id='word_1_141' title='bbox 264 2795 337 2847; x_wconf 90' lang='lat' dir='ltr'><strong>nae</strong></span> <span class='ocrx_word' id='word_1_142' title='bbox 361 2777 523 2857; x_wconf 83' lang='lat' dir='ltr'><strong>fabulam</strong></span> <span class='ocrx_word' id='word_1_143' title='bbox 549 2775 771 2866; x_wconf 84' lang='lat' dir='ltr'><strong>Satyricam3</strong></span> <span class='ocrx_word' id='word_1_144' title='bbox 803 2778 968 2868; x_wconf 82' lang='lat' dir='ltr'><strong>quamvis</strong></span> <span class='ocrx_word' id='word_1_145' title='bbox 994 2778 1208 2847; x_wconf 82' lang='lat' dir='ltr'><strong>adversetur</strong></span> <span class='ocrx_word' id='word_1_146' title='bbox 1232 2797 1305 2846; x_wconf 89' lang='lat' dir='ltr'><strong>mu·</strong></span> 
     </span>
     <span class='ocr_line' id='line_1_24' title="bbox 269 2875 1306 2970; baseline -0.003 -20"><span class='ocrx_word' id='word_1_147' title='bbox 269 2880 369 2950; x_wconf 84' lang='lat' dir='ltr'><strong>xima</strong></span> <span class='ocrx_word' id='word_1_148' title='bbox 401 2899 487 2968; x_wconf 87' lang='lat' dir='ltr'><strong>pars</strong></span> <span class='ocrx_word' id='word_1_149' title='bbox 520 2875 681 2947; x_wconf 85' lang='lat' dir='ltr'><strong>virorum</strong></span> <span class='ocrx_word' id='word_1_150' title='bbox 711 2880 914 2948; x_wconf 88' lang='lat' dir='ltr'><strong>doctorum.</strong></span> <span class='ocrx_word' id='word_1_151' title='bbox 965 2877 1059 2949; x_wconf 89' lang='lat' dir='ltr'><strong>Nam</strong></span> <span class='ocrx_word' id='word_1_152' title='bbox 1085 2900 1153 2947; x_wconf 88' lang='lat' dir='ltr'><strong>nec</strong></span> <span class='ocrx_word' id='word_1_153' title='bbox 1177 2901 1242 2970; x_wconf 79' lang='lat' dir='ltr'><strong>per</strong></span> <span class='ocrx_word' id='word_1_154' title='bbox 1266 2897 1306 2947; x_wconf 81' lang='lat' dir='ltr'><strong>se</strong></span> 
     </span>
     <span class='ocr_line' id='line_1_25' title="bbox 265 2978 1306 3070; baseline -0.003 -20"><span class='ocrx_word' id='word_1_155' title='bbox 265 2980 465 3050; x_wconf 79' lang='lat' dir='ltr'><strong>verisimile</strong></span> <span class='ocrx_word' id='word_1_156' title='bbox 485 2986 558 3062; x_wconf 87' lang='lat' dir='ltr'><strong>est,</strong></span> <span class='ocrx_word' id='word_1_157' title='bbox 585 2978 774 3050; x_wconf 85' lang='lat' dir='ltr'><strong>Romanos</strong></span> <span class='ocrx_word' id='word_1_158' title='bbox 795 2980 866 3051; x_wconf 88' lang='lat' dir='ltr'><strong>hoo</strong></span> <span class='ocrx_word' id='word_1_159' title='bbox 881 2987 956 3049; x_wconf 87' lang='lat' dir='ltr'><strong>tam</strong></span> <span class='ocrx_word' id='word_1_160' title='bbox 971 2981 1188 3050; x_wconf 82' lang='lat' dir='ltr'><strong>celebratum</strong></span> <span class='ocrx_word' id='word_1_161' title='bbox 1211 2979 1306 3070; x_wconf 76' lang='lat' dir='ltr'><strong>apud</strong></span> 
     </span>
     <span class='ocr_line' id='line_1_26' title="bbox 267 3079 1306 3172; baseline -0.008 -17"><span class='ocrx_word' id='word_1_162' title='bbox 267 3079 434 3156; x_wconf 80' lang='lat' dir='ltr'><strong>Graecos</strong></span> <span class='ocrx_word' id='word_1_163' title='bbox 465 3081 672 3150; x_wconf 82' lang='lat' dir='ltr'><strong>tbbularom</strong></span> <span class='ocrx_word' id='word_1_164' title='bbox 703 3093 818 3172; x_wconf 79' lang='lat' dir='ltr'><strong>genus</strong></span> <span class='ocrx_word' id='word_1_165' title='bbox 844 3101 993 3172; x_wconf 82' lang='lat' dir='ltr'><strong>prorsus</strong></span> <span class='ocrx_word' id='word_1_166' title='bbox 1025 3083 1197 3151; x_wconf 88' lang='lat' dir='ltr'><strong>intactum</strong></span> <span class='ocrx_word' id='word_1_167' title='bbox 1225 3079 1306 3150; x_wconf 86' lang='lat' dir='ltr'><strong>reii-</strong></span> 
     </span>
     <span class='ocr_line' id='line_1_27' title="bbox 267 3181 1307 3267; baseline -0.005 -12"><span class='ocrx_word' id='word_1_168' title='bbox 267 3193 389 3256; x_wconf 82' lang='lat' dir='ltr'><strong>oturos</strong></span> <span class='ocrx_word' id='word_1_169' title='bbox 410 3183 538 3267; x_wconf 84' lang='lat' dir='ltr'><strong>fuisse,</strong></span> <span class='ocrx_word' id='word_1_170' title='bbox 566 3189 601 3251; x_wconf 91' lang='lat' dir='ltr'><strong>et</strong></span> <span class='ocrx_word' id='word_1_171' title='bbox 622 3190 765 3252; x_wconf 85' lang='lat' dir='ltr'><strong>exstant</strong></span> <span class='ocrx_word' id='word_1_172' title='bbox 785 3191 948 3252; x_wconf 87' lang='lat' dir='ltr'><strong>veterum</strong></span> <span class='ocrx_word' id='word_1_173' title='bbox 970 3184 1185 3266; x_wconf 87' lang='lat' dir='ltr'><strong>testimonia,</strong></span> <span class='ocrx_word' id='word_1_174' title='bbox 1211 3181 1307 3252; x_wconf 89' lang='lat' dir='ltr'><strong>istud</strong></span> 
     </span>
     <span class='ocr_line' id='line_1_28' title="bbox 266 3281 1306 3380; baseline -0.007 -22"><span class='ocrx_word' id='word_1_175' title='bbox 266 3283 549 3378; x_wconf 80' lang='lat' dir='ltr'><strong>comprobantia.</strong></span> <span class='ocrx_word' id='word_1_176' title='bbox 600 3283 870 3380; x_wconf 62' lang='lat' dir='ltr'><strong>Athenaeusffl)</strong></span> <span class='ocrx_word' id='word_1_177' title='bbox 897 3293 1124 3370; x_wconf 85' lang='lat' dir='ltr'><strong>auctorest,</strong></span> <span class='ocrx_word' id='word_1_178' title='bbox 1158 3283 1203 3354; x_wconf 85' lang='lat' dir='ltr'><strong>L.</strong></span> <span class='ocrx_word' id='word_1_179' title='bbox 1225 3281 1306 3352; x_wconf 87' lang='lat' dir='ltr'><strong>Sul·</strong></span> 
     </span>
     <span class='ocr_line' id='line_1_29' title="bbox 206 3374 1307 3476; baseline -0.005 -17"><span class='ocrx_word' id='word_1_180' title='bbox 206 3419 209 3424; x_wconf 95' lang='lat'>·</span> <span class='ocrx_word' id='word_1_181' title='bbox 265 3390 339 3459; x_wconf 91' lang='lat' dir='ltr'><strong>lam</strong></span> <span class='ocrx_word' id='word_1_182' title='bbox 372 3385 563 3476; x_wconf 76' lang='lat' dir='ltr'><strong>scripsisse</strong></span> <span class='ocrx_word' id='word_1_183' title='bbox 596 3382 811 3474; x_wconf 82' lang='grc' dir='ltr'><em>Σατυρικὰς</em></span> <span class='ocrx_word' id='word_1_184' title='bbox 842 3379 1042 3476; x_wconf 85' lang='grc' dir='ltr'><em>κωμῳδίας</em></span> <span class='ocrx_word' id='word_1_185' title='bbox 1072 3389 1117 3475; x_wconf 81' lang='grc' dir='ltr'><strong>τῇ</strong></span> <span class='ocrx_word' id='word_1_186' title='bbox 1146 3374 1307 3476; x_wconf 77' lang='grc' dir='ltr'><em>πατρῴῳ</em></span> 
     </span>
     <span class='ocr_line' id='line_1_30' title="bbox 267 3481 1307 3584; baseline -0.007 -24"><span class='ocrx_word' id='word_1_187' title='bbox 267 3481 387 3584; x_wconf 69' lang='grc' dir='ltr'><em>φαίνῃ.</em></span> <span class='ocrx_word' id='word_1_188' title='bbox 414 3527 416 3534; x_wconf 90' lang='grc'>-</span> <span class='ocrx_word' id='word_1_189' title='bbox 440 3483 578 3556; x_wconf 82' lang='lat' dir='ltr'><strong>Omnes</strong></span> <span class='ocrx_word' id='word_1_190' title='bbox 603 3488 683 3557; x_wconf 83' lang='lat' dir='ltr'><strong>sere</strong></span> <span class='ocrx_word' id='word_1_191' title='bbox 708 3486 767 3557; x_wconf 90' lang='lat' dir='ltr'><strong>bic</strong></span> <span class='ocrx_word' id='word_1_192' title='bbox 792 3485 988 3583; x_wconf 74' lang='lat' dir='ltr'><strong>significari</strong></span> <span class='ocrx_word' id='word_1_193' title='bbox 1013 3491 1142 3576; x_wconf 82' lang='lat' dir='ltr'><strong>putant</strong></span> <span class='ocrx_word' id='word_1_194' title='bbox 1157 3486 1307 3556; x_wconf 77' lang='lat' dir='ltr'><strong>rabulas</strong></span> 
     </span>
     <span class='ocr_line' id='line_1_31' title="bbox 266 3587 1306 3674; baseline -0.006 -14"><span class='ocrx_word' id='word_1_195' title='bbox 266 3590 477 3674; x_wconf 82' lang='lat' dir='ltr'><strong>Atellanas,</strong></span> <span class='ocrx_word' id='word_1_196' title='bbox 516 3589 612 3658; x_wconf 89' lang='lat' dir='ltr'><strong>alius</strong></span> <span class='ocrx_word' id='word_1_197' title='bbox 645 3587 717 3656; x_wconf 86' lang='lat' dir='ltr'><strong>alia</strong></span> <span class='ocrx_word' id='word_1_198' title='bbox 747 3590 887 3658; x_wconf 81' lang='lat' dir='ltr'><strong>ratione</strong></span> <span class='ocrx_word' id='word_1_199' title='bbox 928 3588 1119 3656; x_wconf 83' lang='lat' dir='ltr'><strong>ostendere</strong></span> <span class='ocrx_word' id='word_1_200' title='bbox 1159 3605 1306 3670; x_wconf 84' lang='lat' dir='ltr'><strong>conans,</strong></span> 
     </span>
     <span class='ocr_line' id='line_1_32' title="bbox 210 3679 1306 3784; baseline -0.005 -24"><span class='ocrx_word' id='word_1_201' title='bbox 210 3712 212 3718; x_wconf 81' lang='grc'><strong>’</strong></span> <span class='ocrx_word' id='word_1_202' title='bbox 267 3691 330 3784; x_wconf 90' lang='lat' dir='ltr'><strong>qui</strong></span> <span class='ocrx_word' id='word_1_203' title='bbox 361 3687 556 3760; x_wconf 82' lang='lat' dir='ltr'><strong>Atellanae</strong></span> <span class='ocrx_word' id='word_1_204' title='bbox 582 3687 771 3780; x_wconf 86' lang='lat' dir='ltr'><strong>Satyricae</strong></span> <span class='ocrx_word' id='word_1_205' title='bbox 807 3687 879 3760; x_wconf 86' lang='lat' dir='ltr'><strong>dici</strong></span> <span class='ocrx_word' id='word_1_206' title='bbox 910 3679 1103 3780; x_wconf 84' lang='lat' dir='ltr'><strong>potuerint.</strong></span> <span class='ocrx_word' id='word_1_207' title='bbox 1163 3686 1306 3777; x_wconf 81' lang='lat' dir='ltr'><strong>Simpli-</strong></span> 
     </span>
     <span class='ocr_line' id='line_1_33' title="bbox 267 3787 1306 3884; baseline -0.004 -22"><span class='ocrx_word' id='word_1_208' title='bbox 267 3792 452 3880; x_wconf 79' lang='lat' dir='ltr'><strong>cissimom</strong></span> <span class='ocrx_word' id='word_1_209' title='bbox 477 3795 598 3862; x_wconf 88' lang='lat' dir='ltr'><strong>tamen</strong></span> <span class='ocrx_word' id='word_1_210' title='bbox 630 3798 704 3878; x_wconf 87' lang='lat' dir='ltr'><strong>est,</strong></span> <span class='ocrx_word' id='word_1_211' title='bbox 740 3787 926 3884; x_wconf 71' lang='lat' dir='ltr'><strong>Satyricas</strong></span> <span class='ocrx_word' id='word_1_212' title='bbox 949 3812 1018 3880; x_wconf 85' lang='lat' dir='ltr'><strong>pro</strong></span> <span class='ocrx_word' id='word_1_213' title='bbox 1052 3789 1230 3860; x_wconf 87' lang='lat' dir='ltr'><strong>eiusmodi</strong></span> <span class='ocrx_word' id='word_1_214' title='bbox 1252 3787 1306 3858; x_wconf 81' lang='lat' dir='ltr'><strong>fa·</strong></span> 
     </span>
    </p>
   </div>
   <div class='ocr_carea' id='block_1_9' title="bbox 266 3955 1308 4260">
    <p class='ocr_par' dir='ltr' id='par_1_10' title="bbox 266 3955 1308 4260">
     <span class='ocr_line' id='line_1_34' title="bbox 353 3955 1308 4090; baseline -0.012 -18"><span class='ocrx_word' id='word_1_215' title='bbox 353 4008 408 4089; x_wconf 71' lang='lat'><strong>59)</strong></span> <span class='ocrx_word' id='word_1_216' title='bbox 436 3957 527 4086; x_wconf 72' lang='lat' dir='ltr'><strong>apua</strong></span> <span class='ocrx_word' id='word_1_217' title='bbox 542 4007 578 4066; x_wconf 84' lang='grc' dir='ltr'><strong>ΙΙ.</strong></span> <span class='ocrx_word' id='word_1_218' title='bbox 594 4010 683 4071; x_wconf 61' lang='grc' dir='ltr'><strong>1ιὸ7</strong></span> <span class='ocrx_word' id='word_1_219' title='bbox 695 3959 737 4088; x_wconf 79' lang='lat' dir='ltr'><strong>sq.</strong></span> <span class='ocrx_word' id='word_1_220' title='bbox 759 3957 809 4055; x_wconf 30' lang='grc' dir='ltr'><strong>-δ</strong></span> <span class='ocrx_word' id='word_1_221' title='bbox 829 3955 885 4090; x_wconf 73' lang='lat' dir='ltr'><strong>do)</strong></span> <span class='ocrx_word' id='word_1_222' title='bbox 913 4004 959 4066; x_wconf 80' lang='lat' dir='ltr'><strong>Gi.</strong></span> <span class='ocrx_word' id='word_1_223' title='bbox 981 4007 1047 4065; x_wconf 69' lang='grc' dir='ltr'><strong>θος.</strong></span> <span class='ocrx_word' id='word_1_224' title='bbox 1069 4007 1132 4066; x_wconf 77' lang='lat' dir='ltr'><strong>dos.</strong></span> <span class='ocrx_word' id='word_1_225' title='bbox 1153 4003 1308 4084; x_wconf 76' lang='lat' dir='ltr'><strong>Grysariur</strong></span> 
     </span>
     <span class='ocr_line' id='line_1_35' title="bbox 266 4089 1307 4172; baseline -0.012 -14"><span class='ocrx_word' id='word_1_226' title='bbox 266 4098 303 4158; x_wconf 72' lang='lat' dir='ltr'><strong>dc</strong></span> <span class='ocrx_word' id='word_1_227' title='bbox 317 4091 499 4154; x_wconf 77' lang='lat' dir='ltr'><strong>Doricusium</strong></span> <span class='ocrx_word' id='word_1_228' title='bbox 515 4093 661 4153; x_wconf 74' lang='lat' dir='ltr'><strong>eonced&#39;m</strong></span> <span class='ocrx_word' id='word_1_229' title='bbox 680 4095 737 4154; x_wconf 79' lang='lat' dir='ltr'><strong>voi.</strong></span> <span class='ocrx_word' id='word_1_230' title='bbox 751 4096 773 4153; x_wconf 90' lang='grc' dir='ltr'><strong>Ι.</strong></span> <span class='ocrx_word' id='word_1_231' title='bbox 787 4102 891 4172; x_wconf 70' lang='grc' dir='ltr'><strong>1).ωο</strong></span> <span class='ocrx_word' id='word_1_232' title='bbox 905 4107 967 4170; x_wconf 76' lang='lat' dir='ltr'><strong>sqq.</strong></span> <span class='ocrx_word' id='word_1_233' title='bbox 987 4121 1031 4136; x_wconf 66' lang='grc' dir='ltr'><strong>ν·-</strong></span> <span class='ocrx_word' id='word_1_234' title='bbox 1052 4089 1110 4171; x_wconf 84' lang='grc'><strong>61)</strong></span> <span class='ocrx_word' id='word_1_235' title='bbox 1132 4089 1222 4168; x_wconf 52' lang='lat' dir='ltr'><strong>lxm.</strong></span> <span class='ocrx_word' id='word_1_236' title='bbox 1235 4095 1307 4149; x_wconf 75' lang='lat'><strong>402.</strong></span> 
     </span>
     <span class='ocr_line' id='line_1_36' title="bbox 266 4171 698 4260; baseline -0.009 -20"><span class='ocrx_word' id='word_1_237' title='bbox 266 4183 293 4240; x_wconf 93' lang='lat' dir='ltr'><strong>b.</strong></span> <span class='ocrx_word' id='word_1_238' title='bbox 313 4198 365 4244; x_wconf 57' lang='lat' dir='ltr'><strong>-ut</strong></span> <span class='ocrx_word' id='word_1_239' title='bbox 384 4171 444 4260; x_wconf 79' lang='lat' dir='ltr'><strong>ba)</strong></span> <span class='ocrx_word' id='word_1_240' title='bbox 467 4177 515 4236; x_wconf 83' lang='lat' dir='ltr'><strong>Vt.</strong></span> <span class='ocrx_word' id='word_1_241' title='bbox 536 4197 565 4255; x_wconf 80' lang='lat' dir='ltr'><strong>p.</strong></span> <span class='ocrx_word' id='word_1_242' title='bbox 578 4185 650 4240; x_wconf 73' lang='lat'><strong>261.</strong></span> <span class='ocrx_word' id='word_1_243' title='bbox 672 4194 698 4238; x_wconf 88' lang='lat' dir='ltr'><strong>o.</strong></span> 
     </span>
    </p>
   </div>
   <div class='ocr_carea' id='block_1_10' title="bbox 0 0 1474 4848">
    <p class='ocr_par' dir='ltr' id='par_1_11' title="bbox 0 0 1474 4848">
     <span class='ocr_line' id='line_1_37' title="bbox 0 0 1474 4848; baseline 0 0"><span class='ocrx_word' id='word_1_244' title='bbox 0 0 1474 4848; x_wconf 95' lang='lat' dir='ltr'><strong> </strong></span> 
     </span>
    </p>
   </div>
  </div>
 </body>
</html>
