2940 4838
282 362 369 444 208

283 539 412 603 uenum.
432 538 512 600 Psoi.
525 548 575 604 10.
606 539 676 602 Pari
693 539 775 600 modo
790 541 927 622 auspicari
944 559 1055 622 possm,
1076 541 1198 604 indidem
1210 541 1327 608 duxlsn

282 625 405 688 fabulam
425 621 554 697 monii,
581 625 662 690 onius
688 632 719 686 et
739 625 909 705 Epistola
929 634 959 688 et
978 627 1165 709 Prodigus
1185 629 1325 692 laudatur.

282 709 495 772 [latitationem
522 715 614 771 autem
645 716 758 772 movent
784 711 874 785 daec,
907 711 996 791 quod,
1022 711 1183 791 abicumque
1210 714 1327 776 Caecilii

281 797 388 857 Asotrm
415 799 466 854 out
496 794 626 874 Epistola
654 804 901 868 commemoratur,
934 797 1054 858 alteram
1087 802 1196 858 motum
1224 818 1326 860 nomen

282 881 402 963 positum
424 877 572 958 reperitur,
594 881 668 958 qnod
686 880 768 938 huius
784 878 881 940 fabula
895 901 952 941 non
974 881 1098 954 Asoti,
1120 884 1171 943 sed
1191 883 1326 944 dantus

282 966 448 1047 appellatur,
470 964 544 1042 quod
567 963 595 1022 in
617 963 785 1047 fragmentis
808 965 874 1024 ninii
896 966 980 1038 inest,
1004 967 1080 1046 quod
1101 967 1158 1026 tule
1176 988 1327 1050 argumen-

150 1083 152 1088 ·
283 1060 342 1112 tum
363 1050 475 1131 prodat,
497 1048 580 1127 quale
600 1048 690 1109 fuisse
711 1049 821 1128 putavit
841 1050 1009 1111 Franckius.
1042 1051 1182 1130 Respexit
1201 1053 1327 1115 fortasse

282 1138 312 1198 in
334 1134 484 1196 scribendo
503 1134 594 1193 Asoto
617 1135 759 1195 Caecilius
788 1135 983 1217 cognominem
1003 1133 1126 1196 fabulam
1147 1137 1326 1217 Antiphanis.

281 1220 367 1282 Ennii
399 1227 491 1280 autem
523 1219 645 1293 Asotus,
684 1220 758 1284 unde
785 1219 841 1279 duo
874 1239 975 1282 versus
1002 1219 1131 1282 Saturnii
1155 1221 1325 1296 afferuntur,

281 1306 389 1366 rectius
419 1304 485 1364 mihi
515 1303 612 1364 haberi
640 1303 752 1365 videtur
776 1324 830 1383 pro
852 1305 955 1377 satiro,
986 1324 1067 1385 quam
1095 1326 1148 1386 pro
1170 1309 1325 1368 comoedia.

282 1393 328 1451 Ex
346 1389 522 1451 Afranianus
542 1389 689 1468 Epistulae
709 1387 894 1469 fragmentis,
916 1389 1042 1469 quamvis
1063 1390 1234 1464 dubitanter,
1255 1393 1325 1454 haec

281 1475 343 1538 fere
370 1474 468 1556 colligi
501 1492 586 1552 posse
619 1473 751 1533 arbitror.
800 1473 1052 1545 Adulescentulus,
1086 1475 1208 1552 epistole
1238 1477 1326 1538 allata

282 1562 432 1630 invitatus,
460 1558 497 1618 ad
518 1556 664 1628 feminam,
692 1576 766 1636 quaa
793 1566 881 1638 nupta
901 1565 947 1618 est
969 1557 1084 1641 (fragm.
1101 1558 1172 1640 Vi),
1195 1570 1325 1624 memem-

283 1667 338 1726 que
359 1645 433 1724 apud
453 1662 485 1702 se
506 1642 591 1702 habet
613 1638 756 1723 (fragmm.
769 1641 849 1724 Xlll.
869 1640 948 1724 XV.)
955 1686 964 1715 ,
986 1644 1037 1705 sed
1062 1643 1142 1704 caius
1162 1645 1207 1707 vir
1228 1646 1323 1706 neseio

283 1751 339 1811 quo
362 1727 505 1810 profectus
527 1734 580 1799 est,
603 1727 718 1787 ineunte
739 1735 824 1787 nocte
845 1748 877 1787 se
898 1727 1019 1789 confert.
1045 1728 1146 1789 Paullo
1167 1736 1233 1809 post
1254 1751 1322 1792 aero

283 1815 428 1889 maritum,
462 1811 527 1874 naui
553 1818 645 1872 vento'
667 1813 798 1892 perculsa
829 1810 945 1895 (fragm.
962 1808 1073 1893 xvi),
1104 1814 1234 1874 reducem
1260 1814 1323 1876 fieri

282 1900 418 1962 sentiunt.
466 1899 564 1976 ltaque
594 1897 769 1958 adolescenti
803 1898 938 1958 continuo
971 1904 1016 1958 est
1044 1896 1261 1980 aufugieodum,
1294 1906 1323 1960 et

283 2007 321 2047 ne
342 1989 535 2068 cognoscatur
555 2001 574 2041 a
594 1982 710 2054 marito,
738 1981 837 2042 mulier
866 2002 927 2043 enm
955 2002 1105 2063 supparum
1130 1982 1184 2044 sibi
1205 1984 1321 2046 induere

281 2073 374 2143 iulet3
402 2088 458 2148 quo
486 2073 588 2126 ornatu
616 2065 695 2126 foras
723 2067 851 2147 procedit
879 2066 1016 2128 abituras.
1059 2067 1119 2128 Sed
1144 2068 1206 2130 viro
1237 2069 1319 2132 obvio

280 2155 467 2236 suspicionem
488 2157 590 2223 movet,
611 2150 871 2233 interrogatusque,
893 2152 955 2230 quis
976 2152 1015 2212 sit
1036 2146 1153 2234 (fragm.
1167 2151 1241 2234 Ν),
1262 2173 1320 2214 mu·
1448 2209 1449 2216 ἶ

279 2242 396 2303 liebrem
417 2257 515 2299 vocem
534 2236 669 2297 simulans
685 2231 802 2318 (fragm.
814 2234 943 2318 xviii),
966 2237 1042 2309 dicit,
1064 2257 1096 2298 se
1112 2239 1231 2317 puellam
1248 2258 1319 2300 essa.
1448 2235 1449 2304 J

281 2326 366 2393 (laod
387 2343 469 2403 quum
492 2329 579 2404 neget
601 2323 685 2381 alter:
709 2323 805 2394 laea,
835 2322 941 2401 inquit,
963 2322 1056 2401 puelle
1077 2342 1133 2382 non
1156 2343 1233 2395 sum,
1255 2343 1319 2404 sup·

280 2431 351 2492 paro
378 2411 404 2468 si
439 2407 538 2466 induto
570 2409 650 2466 sunni
689 2402 805 2488 (fragm.
828 2403 919 2486 xlv.)
955 2407 1091 2487 simulque
1122 2406 1318 2487 proficiscitur.

280 2495 398 2556 Femina
425 2492 540 2562 deinde,
568 2491 692 2550 instante
713 2492 789 2562 viro,
817 2499 850 2550 nt
870 2491 924 2550 silri
946 2491 1036 2563 dieat,
1064 2491 1126 2570 quis
1147 2492 1203 2564 iste
1224 2491 1317 2564 fuerit,

280 2599 341 2641 cam
367 2577 485 2658 puellam
518 2575 607 2636 fuisse
638 2577 796 2647 contendit,
830 2595 919 2654 quae,
953 2575 1089 2636 latronem
1118 2575 1249 2658 fugiens,
1281 2595 1315 2637 eo

280 2665 392 2726 venerit
419 2659 534 2743 (fragm.
559 2660 626 2740 ii.);
665 2659 843 2740 profertque,
875 2666 1022 2740 postquam
1060 2661 1104 2722 vir
1131 2660 1318 2742 suspicionem

279 2749 417 2831 prodidit,
449 2747 522 2805 inter
552 2746 608 2806 ulia
641 2744 743 2826 fragm.
760 2746 808 2804 Vl.
859 2746 905 2805 lix
936 2746 1058 2806 caeteris
1088 2745 1214 2824 reliqniis
1245 2746 1318 2808 lraud

279 2834 364 2896 facile
385 2831 534 2912 quidquam
555 2824 698 2912 sequitur,
730 2831 805 2910 quod
835 2831 872 2890 ad
892 2848 1026 2890 summam
1046 2828 1160 2892 fabulae
1180 2831 1317 2916 indagan-

279 2917 459 2982 &nfaoiat

684 3045 912 3060 ψ

595 3183 1006 3245 EXCEPTUS.

272 3473 275 3480 =
316 3435 318 3441 ’
361 3436 660 3518 Noniuspsseed.
681 3434 1314 3510 dfera=„lfaoeries,maoeratio.dsi·a-

275 3529 342 3589 nias
363 3525 392 3586 in
413 3526 559 3603 Excepto:

378 3668 427 3679 -
447 3623 573 3697 stille
594 3623 686 3694 haec
707 3643 801 3694 nuuc
822 3612 942 3712 senus,
967 3622 1092 3692 fenore
1112 3611 1281 3693 rideatis

327 3727 415 3816 vn,
448 3718 583 3823 quinta
615 3724 712 3795 iilius
743 3715 842 3797 m6rs
875 3724 923 3796 sit
947 3721 1121 3794 maceries
1147 3719 1269 3794 tibil“

279 3848 344 3910 iile
381 3848 468 3907 lraeo
499 3862 599 3904 nuno.
628 3842 699 3901 ven.
724 3843 746 3904 1.
772 3842 808 3902 li.
840 3841 906 3902 iile
931 3839 989 3903 hie
1020 3859 1121 3900 nunc.
1152 3839 1221 3903 Par·
1252 3838 1314 3903 lile

278 3949 379 3994 nune.
400 3964 442 3977 —
465 3928 587 3989 sentit.
609 3928 676 3986 Bos.
699 3926 797 4008 steph.
818 3926 945 3987 sentis.
966 3957 1006 3971 -
1029 3924 1129 3996 Aliter,
1151 3931 1237 4004 atque
1253 3941 1313 3994 noa

277 4019 347 4080 liaeo
368 4015 478 4096 accepit
499 4013 627 4084 Bothius,
649 4011 706 4091 qui,
729 4012 864 4072 nonnulle
884 4019 1004 4082 mutans,
1026 4009 1128 4070 edidit:

319 4120 358 4180 Si
378 4118 443 4179 ille
464 4117 551 4176 haee
571 4132 664 4173 nunc
684 4111 815 4184 sentit,
836 4111 960 4172 facere
980 4111 1036 4172 vis
1056 4110 1113 4169 illi
1133 4107 1247 4169 satiri

319 4206 464 4272 ouante
484 4200 589 4261 illias
608 4217 704 4258 mors
725 4196 794 4256 fiet
815 4195 988 4256 maceries
1010 4193 1090 4254 tibi!
