2938 4848
776 557 813 615 X.

364 653 473 737 Nonius
494 695 522 752 p.
538 677 579 735 75
602 674 646 734 ed.
678 675 782 734 llere:
823 673 1082 746 „Adauctavit,
1110 673 1200 734 auxit.
1223 672 1318 732 Attius

275 763 305 822 io
327 757 486 819 demendis:

327 836 474 936 Quibus
495 865 572 914 rem
595 865 791 938 summam,
825 844 976 935 patriam
1000 849 1179 929 nostram,
1205 842 1315 935 quon·

757 945 841 1015 dam
860 945 1066 1016 adauctavit
1087 952 1227 1036 pater.“

275 1049 351 1127 Apte
372 1045 491 1109 Dotlrms
512 1047 549 1105 ad
569 1046 596 1104 lu.
615 1043 653 1104 l.:
675 1045 844 1119 ,auibus
868 1047 968 1125 quibua
989 1045 1147 1118 virtutibus,
1169 1046 1276 1125 pietate
1288 1051 1319 1104 et

276 1132 375 1192 mortis
396 1139 553 1204 contemtu,
588 1139 669 1210 pater
697 1131 732 1190 P.
755 1131 862 1192 Decius
882 1152 968 1211 remp.
991 1132 1126 1205 auxerit,.
1150 1130 1263 1190 easdem
1284 1149 1318 1189 se

278 1236 390 1296 quoque
426 1235 500 1274 nnnc
530 1222 729 1294 usurpatorum
762 1216 804 1276 ait
829 1217 965 1276 Decius.“
1011 1216 1069 1276 Sed
1095 1216 1182 1298 vulgo
1210 1214 1317 1295 legitur

278 1301 414 1368 Quibus
435 1321 506 1359 rem
527 1320 687 1360 summam
709 1307 744 1359 et
764 1301 914 1380 patriam
935 1307 1000 1371 etc,
1021 1301 1050 1359 in
1073 1301 1174 1378 quibus
1195 1299 1317 1380 intelligi

277 1407 333 1445 non
355 1391 450 1465 potest
470 1385 536 1463 quid
557 1385 596 1443 sit
615 1405 674 1445 ras
695 1405 832 1445 summa.

771 1536 822 1596 Xl.

361 1653 472 1711 Nonius
493 1673 521 1732 p.
535 1659 597 1714 200
619 1653 663 1712 ed.
682 1653 792 1732 kllere:
814 1655 970 1728 „Castra
991 1655 1107 1737 generis
1129 1661 1196 1714 sunt
1213 1652 1316 1716 neutri.

278 1737 420 1798 Feminini
441 1737 535 1796 Attius
557 1738 585 1796 in
606 1738 747 1798 Aeneadis
769 1746 818 1798 aut
837 1739 941 1799 Decio:

321 1825 450 1883 Castra
478 1824 563 1882 haec
589 1831 715 1883 vestra
742 1831 813 1895 est,
846 1833 988 1904 optume
1009 1825 1104 1884 ossis
1125 1823 1318 1883 meritura

319 1907 453 1967 monisf‘

277 1998 309 2055 ln
330 1995 401 2054 Ven.
423 1994 445 2052 l.
465 1992 499 2050 ll.
535 1992 611 2054 Par.
638 1992 708 2051 haee
742 1993 945 2054 desiderantur.
988 1993 1121 2053 Bothius:
1156 1993 1318 2066 „Fortasse

278 2081 399 2151 Decius,
423 2078 486 2138 dum
507 2077 536 2135 in
560 2096 594 2134 eo
617 2082 674 2148 cst,
697 2084 729 2136 ut
750 2098 781 2137 se
803 2078 1026 2140 confertissimae
1047 2079 1190 2138 Gallorum
1212 2075 1319 2137 inferat

279 2166 361 2236 aciei,
383 2179 536 2223 conversus
559 2161 595 2220 ad
615 2161 727 2233 milites,
750 2163 894 2235 Castra,
922 2164 1027 2243 inquit,
1050 2164 1136 2222 haec
1157 2161 1318 2221 hostium

278 2255 515 2311 vostrasunt.
560 2245 657 2308 lltlll.
679 2246 779 2307 Livius
799 2247 951 2307 Pontifex:
975 2249 1113 2328 Optime
1134 2247 1355 2306 esciume·⁴
1461 2275 1462 2284 κ

279 2335 372 2394 ritus
394 2335 434 2392 de
455 2333 575 2405 nobis,
600 2327 681 2404 Deci,
703 2333 730 2398 si¹
750 2333 790 2391 ita
810 2331 922 2409 feceris,
943 2341 976 2393 ut
997 2341 1026 2394 te
1045 2335 1118 2394 velle
1140 2330 1318 2413 significas.“

278 2419 348 2480 Mihi
369 2437 460 2498 neque
480 2417 548 2477 illud
570 2417 714 2497 probabile
735 2418 858 2490 videtur,
886 2419 1003 2479 Decium
1030 2419 1071 2478 ita
1099 2411 1221 2478 locutum
1242 2435 1317 2488 esse,
1372 2433 1379 2448 ²

279 2524 332 2564 nee
352 2504 463 2564 Livium
485 2503 521 2561 ad
542 2510 660 2563 mortem
677 2503 833 2563 obeundam
850 2524 911 2563 eum
927 2524 991 2563 esse
1006 2504 1191 2564 cohortatum.
1217 2499 1318 2561 mrim

278 2587 353 2648 nist.
373 2587 412 2646 X.
428 2595 483 2650 29:
516 2586 673 2660 „Pontifex
694 2586 803 2660 Livius,
825 2588 871 2648 cui
891 2588 1006 2648 lictores
1026 2588 1132 2647 Decius
1153 2586 1317 2656 tradiderat,

243 2721 252 2728 .
279 2673 456 2751 iusseratque
486 2680 698 2753 propraetorem
726 2693 806 2744 esse,
841 2672 1008 2734 vociferari:
1036 2672 1178 2731 vicisse
1199 2671 1317 2729 Rorna-

280 2777 357 2828 nos,
385 2755 577 2816 defunctos
606 2757 769 2817 consulis
790 2755 884 2831 fat03
913 2759 1039 2818 Gallos
1066 2756 1317 2833 Samnitesque

280 2841 449 2902 'l'ellnris
476 2841 603 2901 matris
633 2862 675 2902 ac
706 2842 847 2904 deorum
876 2844 1033 2903 Manium
1064 2861 1161 2913 esse3
1189 2858 1318 2920 rapere

281 2927 322 2988 ad
357 2946 394 2986 ae
431 2945 472 2985 ac
507 2945 637 2987 vocare
666 2926 816 2987 Decium
853 2928 1018 2989 devotam
1049 2946 1164 2987 seeum
1191 2924 1317 2997 aciem3

282 3011 544 3089 Furiarumque
572 3030 611 3072 ae
631 3010 835 3072 formidinis
855 3014 964 3092 plena
989 3011 1108 3072 omnia
1128 3011 1170 3072 ad
1190 3010 1317 3068 hostes

280 3101 390 3158 esse.“
433 3095 549 3175 ltaque,
562 3097 598 3155 ad
618 3097 719 3157 milites
740 3117 903 3170 conversus,
924 3098 1023 3161 Livius
1043 3093 1173 3177 pontifex
1193 3113 1317 3174 pronun-

279 3181 395 3246 tiaverit
414 3183 494 3254 haec,
515 3187 547 3240 ut
568 3182 694 3241 correxit
713 3181 846 3242 Vossius:

482 3307 533 3318 -
559 3258 692 3338 Gdstra
711 3267 803 3338 haec
824 3275 947 3340 vestra
962 3276 1027 3340 est.
1053 3258 1224 3357 'Optume
1246 3270 1302 3333 est

318 3359 382 3446 ,Ἰε
408 3367 556 3438 meritus
581 3367 627 3438 de
653 3369 767 3441 nobis.
793 3411 844 3422 --
923 3463 926 3470 Ι

765 3535 831 3596 Xll.

364 3649 472 3710 Nonius
492 3673 520 3732 p.
538 3654 599 3714 504
621 3652 665 3713 ed.
686 3653 791 3715 llere:
823 3653 956 3728 „Sonit
975 3674 1028 3736 pro
1048 3649 1140 3714 sonat.
1171 3651 1267 3712 Arum
1286 3651 1316 3711 in

280 3734 421 3794 Aeneadis
443 3743 492 3795 aut
512 3736 616 3797 Decio:

332 3815 501 3890 Clamore
528 3831 564 3891 et
588 3824 722 3915 gemitu
748 3825 918 3917 templum
943 3822 1080 3894 resonit
1104 3821 1283 3894 coelitum.
1319 3827 1321 3834 ’

281 3918 445 3979 Clamore
466 3929 502 3980 et
522 3925 656 4003 gemitu
678 3925 802 3998 militum,
824 3932 857 3986 ut
874 3925 994 4000 videtur,
1015 3931 1131 4005 propter
1145 3921 1227 3986 Decii
1243 3941 1318 3982 mor·

280 4009 346 4064 tem.
377 4004 477 4067 Livius
498 4007 571 4068 llist.
583 4009 620 4069 X.
635 4017 689 4072 29:
721 4011 873 4082 „Comlis
894 4029 997 4090 eorpus
1017 4029 1053 4070 eo
1075 4010 1130 4082 die,
1151 4007 1218 4088 qnia
1234 4007 1318 4066 obru-

280 4094 339 4148 tum
365 4091 548 4170 superstratis
575 4093 719 4156 Gallorum
749 4097 867 4158 cumulis
887 4102 965 4167 mat,
996 4094 1118 4162 inveniri
1138 4113 1197 4152 non
1216 4090 1319 4171 potuit.

279 4174 401 4234 Postero
437 4176 483 4235 dio
520 4176 662 4238 inventum
693 4179 867 4261 relatumque
900 4186 945 4241 ert
978 4199 1042 4240 cam
1077 4178 1172 4241 multis
1202 4175 1319 4242 aliun
