2932 4842
133 295 140 314 ι
279 365 359 442 151

278 541 483 612 reverentia
513 541 592 612 seni
624 539 769 610 cuilibet
802 539 973 628 dicimus,
1013 539 1119 632 quasi
1144 559 1227 610 eum
1258 541 1333 610 avi

278 645 433 714 nomine·
450 645 709 735 appellemus.“
760 641 822 713 Aa
847 641 938 712 illnd
965 663 1165 734 cognomen
1190 642 1330 734 proba-

278 748 397 817 biliter
438 752 602 816 statuunt
638 743 806 816 allusisse
847 743 1057 831 Horatium,
1103 744 1330 813 scribentem

277 849 394 939 Epist.
416 845 468 918 Il.
497 849 531 921 1.
558 847 608 918 76
631 869 726 940 sqq:

328 951 538 1042 „Indignum
554 951 747 1043 quidquam
761 946 987 1039 reprehendi,
1002 969 1075 1016 uon
1091 947 1177 1038 quia
1194 969 1328 1018 crasse

328 1050 575 1143 Compositum
600 1053 792 1142 illepideve
816 1057 972 1144 putetur,
1000 1050 1065 1119 sed
1086 1050 1171 1141 quio
1190 1071 1326 1139 nuper,

326 1151 407 1224 Neo
431 1155 573 1226 veniam
597 1154 770 1246 antiquis,
803 1151 870 1223 sed
897 1149 1073 1222 honorem
1098 1158 1133 1220 et
1156 1151 1328 1242 praemia

936 1276 1051 1347 poscr.

326 1355 441 1428 Recte
463 1382 577 1428 necne
599 1381 744 1428 crocum
763 1357 945 1449 floresque
962 1354 1189 1446 perambulet
1204 1349 1325 1424 Attae

325 1459 479 1546 Fabula,
506 1461 538 1531 si
560 1459 730 1544 dubitem,
759 1457 912 1529 clament
934 1458 1086 1547 periisse
1109 1457 1288 1546 pudorem

327 1557 459 1633 Cuncti
491 1572 619 1653 paene
640 1571 780 1654 patres·
829 1583 874 1631 ea
908 1582 1018 1653 quum
1052 1555 1323 1650 reprehendere

889 1685 1056 1748 coner,

326 1764 433 1842 Quae
450 1766 572 1856 gravis
584 1763 767 1858 Aesopus,
784 1788 877 1858 quae
893 1763 1021 1834 doctus
1033 1712 1189 1833 Roscius
1204 1757 1321 1856 egitf‘

275 1863 333 1938 cf.
364 1863 598 1938 Weiohertus
625 1870 669 1938 de
696 1865 748 1937 M.
776 1867 887 1936 Furio
913 1853 1153 1986 Bibaculop.
1177 1861 1268 1988 955.

374 2017 434 2090 De
460 2026 641 2110 tempore,
681 2039 752 2112 quo
779 2020 913 2089 vixerit
938 2018 1046 2105 Atta,
1087 2015 1196 2087 etde
1222 1985 1320 2104 1555,

273 2122 336 2191 ubi
353 2123 505 2214 degerit,
532 2123 602 2192 hoc
625 2132 762 2192 tontum
784 2122 930 2208 scimus,
953 2124 1049 2212 quod
1071 2118 1320 2208 Hieronymus

273 2223 310 2292 in
332 2220 515 2294 Glrrouioo
540 2223 748 2295 Eusebiano
771 2225 902 2294 refert.
930 2221 1100 2314 „Olymp
1120 2217 1319 2292 CLXXV.

273 2347 355 2396 ann.
379 2326 456 2396 III.
493 2327 645 2420 (idest,
686 2346 780 2397 auno
814 2324 859 2398 U.
888 2321 929 2402 G.
952 2319 1202 2395 DCLXXVI.
1237 2319 1320 2394 slve

273 2435 357 2498 anto
391 2426 476 2499 cur.
513 2449 548 2498 n.
579 2427 822 2522 LXXVIII.)
857 2425 966 2498 'litus
999 2426 1192 2504 (Irriuctios
1226 2421 1321 2495 Atto

273 2529 348 2623 (ed.
375 2529 500 2621 Steph.
529 2531 733 2602 5551512
761 2529 868 2600 'Iitus
897 2529 1069 2606 Quintius
1091 2526 1201 2617 55151,
1228 2529 1318 2598 sorl-

272 2639 354 2722 ptor·
379 2640 596 2725 togatarum,
624 2633 765 2704 Romae
791 2633 961 2718 moritur3
994 2631 1229 2722 sepultusque
1254 2629 1320 2699 via

179 2726 181 2732 ‘
271 2731 511 2803 Praenestina
537 2738 582 2805 ad
610 2736 814 2806 milliarium
840 2730 1077 2805 secundum‘6
1115 2730 1319 2820 Perperum

271 2857 353 2905 cum
391 2830 556 2927 Gyruldo
588 2837 753 2908 nonnulli
785 2857 850 2927 pro
893 2833 1063 2926 Olyrup.
1094 2831 1316 2906 chxv.

272 2959 368 3008 aun.
398 2937 487 3009 III.
536 2943 737 3011 retulerunt
777 2936 950 3030 Olymp.
979 2935 1175 3025 CLXX13
1218 2939 1318 3008 unde

270 3041 406 3111 fuctum
440 3041 601 3130 videtur,
642 3051 682 3112 ut
715 3041 795 3128 5111,
838 3042 939 3111 velut
970 3037 1206 3110 Weicbertus
1232 3040 1255 3108 l.
1277 3039 1316 3125 1.,

270 3143 367 3213 huuc
392 3153 598 3235 togatorum
624 3153 769 3236 poetam
793 3165 886 3212 anno
910 3140 953 3214 11.
983 3134 1033 3211 0..
1053 3139 1210 3212 DGLII.
1235 3140 1334 3212 sire*

271 3257 354 3315 ante
388 3241 474 3315 Cirr.
509 3267 544 3315 n.
571 3244 657 3318 cll.
693 3248 788 3316 diem
814 3246 948 3315 obiisse
976 3243 1148 3316 dicerent.
1202 3243 1317 3332 Apud

269 3347 467 3417 Funccinrn
510 3351 555 3418 de
602 3349 776 3420 Adolese.
825 3348 905 3418 Lat.
939 3346 1025 3438 ling.
1070 3371 1105 3438 p.
1135 3349 1186 3418 90
1223 3346 1316 3417 Atta
1434 3409 1435 3420 ,

269 3450 363 3519 iuter
393 3449 526 3520 Lucilii
556 3453 695 3522 amicos
729 3458 948 3520 recensetur.
1007 3452 1098 3523 Eius
1122 3451 1178 3522 rei
1201 3467 1315 3518 eausa
1434 3443 1435 3534 1

269 3553 415 3621 videtur
440 3573 522 3623 esse
548 3552 658 3623 Nonii
684 3555 786 3624 locus
807 3575 840 3644 p.
860 3551 934 3627 139
957 3551 1012 3624 ed.
1031 3552 1165 3626 Mero:
1192 3547 1313 3641 „Mu-

270 3653 439 3746 ginari,
469 3677 703 3726 murmurare.
738 3654 902 3747 Lucilius
917 3654 1009 3726 libro
1027 3657 1199 3748 septimo:
1223 3652 1312 3724 Mu·
1434 3651 1435 3704 l

269 3756 497 3848 ginamur‚
533 3758 760 3838 molimur,
795 3759 1099 3829 subducimur.
1126 3758 1251 3829 Atta“
1277 3763 1314 3827 et
1434 3837 1435 3848 χ

269 3879 365 3949 quae
391 3869 609 3949 sequuntur3
647 3862 744 3930 unde
778 3854 1026 3952 Glandorpios
1060 3857 1250 3932 Onomast.
1277 3881 1312 3928 v.
1434 3943 1435 3948 ἵ

231 4015 235 4022 -
270 3959 474 4037 Quintil:
502 3957 663 4046 „Nescio
691 3961 859 4034 adhunc
885 3985 930 4032 an
958 3965 1003 4034 ad
1027 3963 1138 4034 alium
1160 3963 1313 4052 seripse-
1434 3975 1435 4068 ἐ

269 4063 316 4133 rit
340 4061 526 4151 Lucilius3
566 4061 818 4158 Moginamur,
859 4065 1044 4152 molimur,
1081 4065 1314 4137 subdociruur
1434 4073 1435 4086 ¹

269 4163 397 4236 Attae<
431 4163 508 4235 Sed
529 4164 638 4236 bodie
660 4190 765 4237 nemo
791 4165 942 4253 dubitat,
968 4169 1054 4260 quin
1076 4175 1161 4259 post
1179 4167 1312 4238 subdu·
1434 4193 1435 4196 ¹
