2938 4848
1142 387 1197 464 25

156 561 372 654 aliquando,
406 559 543 652 primae
567 561 734 649 suerunt,
766 581 885 654 neque
910 563 957 632 ab
981 562 1110 634 borum
1135 584 1201 655 po·

156 664 334 738 tissimum
359 669 549 753 praetexta
571 664 698 735 fabula
723 664 903 756 appellata
929 671 1001 752 est,
1040 664 1078 735 id
1103 667 1201 758 quod

155 766 298 857 putavit
329 765 416 836 Ant.
449 762 756 858 Augustinusffl),
796 768 964 858 quodque
994 765 1200 858 significare

155 868 302 937 videtur
316 875 575 938 commentator
591 865 819 964 cruquti⁹²)‚
845 888 971 959 quum:
998 866 1200 956 „Praetex-

156 974 289 1052 tata,“
315 967 446 1060 inquit,
481 970 702 1063 „tragoedia
726 970 797 1040 fuit
822 991 845 1038 a
871 976 1059 1060 praetexta
1085 976 1199 1060 veste,

156 1093 229 1163 qna
255 1072 449 1141 utebantur
473 1072 613 1141 nobiles
638 1072 743 1162 pueri
768 1072 836 1142 snb
855 1071 1044 1162 disciplina
1070 1073 1116 1143 ad
1138 1095 1201 1144 an·

154 1195 243 1242 num
277 1193 392 1264 usque
426 1172 602 1242 decimum
636 1173 842 1265 quintum.“
892 1169 1097 1266 Praecipue
1125 1195 1200 1244 ma·
1311 1171 1314 1180 ’

155 1275 332 1366 gistratus
358 1273 396 1342 in
420 1274 656 1364 praetextatis
679 1276 799 1344 locum
822 1273 1011 1360 habuisse,
1038 1283 1074 1345 et
1093 1275 1202 1348 huius

155 1374 304 1468 generis
327 1375 531 1445 fabularum
557 1375 668 1463 tituli,
695 1376 757 1468 qui
783 1375 901 1445 adbuc
926 1383 1139 1468 supersunt,
1165 1384 1202 1448 et

154 1477 281 1569 plures
306 1482 451 1546 veteres
478 1478 672 1569 scriptores
698 1476 943 1572 testantnrffl).
1005 1476 1116 1555 Quod
1148 1485 1200 1550 ta·

154 1601 240 1648 men
267 1578 318 1646 ita
343 1579 616 1671 intelligendum
642 1585 714 1664 est,
749 1591 788 1649 ut
814 1579 949 1669 primas
974 1587 1095 1670 partes
1122 1581 1201 1650 illo·

155 1703 238 1752 rum
263 1679 379 1751 fuisse
405 1683 606 1750 credamus
658 1679 752 1750 Nam
779 1681 842 1750 vix
866 1681 993 1752 fabula
1017 1683 1202 1753 exstitisse

155 1781 279 1874 putari
303 1786 440 1872 potest,
480 1782 517 1851 in
543 1804 614 1875 qna
640 1783 708 1852 soli
733 1783 966 1873 magistratus
990 1805 1201 1874 repraesen-

157 1891 332 1953 tarentur.
391 1881 437 1954 In
477 1883 674 1976 tragoediis
709 1906 853 1976 quoque
891 1893 1036 1974 praeter
1070 1885 1201 1958 heroes

156 1992 365 2071 matronae,
390 1987 552 2074 puellae,
579 1986 693 2054 nuntii
719 1986 850 2077 aliique
871 1986 1200 2059 introducebantur.

158 2084 272 2163 Quod
298 2086 502 2178 intelligens
527 2085 702 2158 Octavius
723 2085 969 2182 Ferrariusffl)
997 2095 1201 2178 praetexta·

158 2193 214 2258 tas
242 2188 362 2258 dietas
391 2211 472 2258 esse
499 2193 687 2280 perperam
721 2196 845 2258 censet
876 2211 949 2258 non
983 2213 1005 2259 a
1031 2212 1201 2280 persona-

158 2312 239 2360 rum
272 2289 497 2360 indoctarum
529 2297 650 2378 veste,
690 2291 755 2360 sed
780 2291 826 2359 ab
853 2292 1056 2382 argumenti
1080 2293 1201 2385 gravi·

159 2398 233 2461 tate
268 2397 376 2484 atque
410 2391 610 2464 honestate.
662 2389 712 2462 Ut
737 2392 831 2462 enim
857 2393 1004 2484 palliata
1031 2416 1053 2462 a
1078 2394 1201 2486 pallio,

159 2499 286 2585 togata
311 2515 334 2562 a
359 2498 464 2586 toga,
490 2495 544 2564 sic
568 2501 795 2584 praetextata
820 2517 843 2563 a
864 2502 1053 2585 praetexta
1079 2498 1202 2587 appel·

21 2605 25 2614 “
158 2595 402 2685 lariputanda
417 2603 483 2666 est.
534 2593 662 2687 Neque
677 2596 713 2664 id
731 2598 868 2682 obstat,
895 2597 1086 2689 quominus
1109 2598 1202 2671 alios
1297 2680 1301 2698 ι

158 2717 302 2788 quoque
342 2696 528 2786 homines,
569 2698 631 2789 qui
661 2704 852 2787 praetexta
891 2721 964 2767 uon
1005 2707 1201 2789 uterentur,
1318 2761 1324 2784 ,

159 2798 385 2869 introductos
411 2821 492 2868 esse
518 2821 714 2870 sumamus.
765 2800 803 2869 A
823 2800 1004 2891 potiorum
1029 2823 1201 2892 persona·

158 2922 242 2970 rum
272 2907 375 2970 veste
408 2907 546 2970 tantum
572 2901 804 2971 denominata
841 2909 895 2972 est
919 2903 1055 2974 fabula.
1109 2901 1201 2975 Cae·

159 3010 276 3072 terum
298 2999 388 3072 iliud
407 3003 641 3073 memorabile
662 3010 735 3089 est,
763 3003 857 3094 apud
874 3004 1093 3095 antiquiores
1114 3006 1201 3076 seri·

90 3163 92 3170 ,
159 3111 302 3194 ptores,
340 3112 383 3173 nt
415 3100 455 3174 G.
481 3105 651 3176 Asinium
683 3101 888 3176 Pollionem
925 3114 962 3176 et
996 3104 1201 3196 Horatium,

160 3210 387 3295 praetextam
433 3207 651 3277 nominatam
697 3207 850 3298 reperiri
889 3207 982 3278 hane
1026 3208 1200 3297 fabulam,

160 3308 258 3398 apud
275 3309 495 3378 recentiores
517 3317 593 3379 tum
614 3315 839 3399 praetextam
865 3317 961 3394 tum,
989 3308 1096 3400 idque
1121 3333 1201 3380 sae·

159 3410 261 3499 pius,
301 3416 576 3499 praetextatam.
629 3411 829 3503 Utrumque
861 3411 1099 3482 rectissimum
1134 3419 1201 3484 est.

159 3506 318 3582 Pailiata
351 3512 423 3582 fuit
458 3513 564 3603 quasi
594 3513 726 3581 amicta
758 3513 888 3603 pallio,
937 3519 1061 3604 togata
1101 3520 1201 3605 toga,

160 3619 388 3702 praetextata
402 3621 604 3704 praetexta,
630 3634 740 3705 qunm
759 3635 948 3706 personae,
974 3615 1011 3682 in
1034 3614 1085 3685 iis
1094 3616 1202 3706 prod·

161 3779 465 3792 ——-—......

244 3863 300 3946 91)
323 3866 360 3924 nd
380 3869 458 3926 Fest.
480 3867 761 3928 v.·Preetextae.
783 3901 825 3912 -
854 3865 909 3948 92)
932 3869 968 3928 od
989 3868 1090 3929 Horat.
1112 3869 1203 3949 Epist.

160 3949 195 4008 od
216 3948 276 4008 Pis.
299 3957 370 4013 288.
399 3985 441 3996 —-
469 3951 524 4034 9³)
548 3951 592 4011 cf.
615 3954 648 4011 G.
670 3952 786 4012 Asinius
807 3952 900 4011 Pollio
921 3953 950 4012 in
973 3953 1033 4012 eie.
1055 3953 1145 4034 Epist.
1168 3955 1204 4022 sd

159 4032 227 4092 fam.
249 4034 288 4092 X.
312 4044 369 4110 323
407 4036 559 4096 Diomedes
580 4037 630 4096 ΙΙΙ.
653 4059 680 4116 p.
695 4044 757 4099 487
770 4057 815 4116 ep.
828 4039 963 4110 Putseb.;
990 4038 1148 4098 Euanthius
1170 4040 1206 4100 de

159 4117 283 4190 Fobule3
318 4122 422 4180 Festus
448 4143 476 4182 v.
497 4122 737 4204 Toguterum,
769 4123 885 4204 Frngm.
909 4115 1063 4203 p.75ed.
1084 4123 1205 4198 Decer.3
1306 4113 1308 4120 ¹

159 4203 338 4265 Paullusex
358 4207 447 4267 Festo
468 4228 496 4268 r.
517 4207 753 4278 Praetextne.
773 4240 816 4254 -
843 4206 898 4290 94)
921 4208 1012 4270 delio
1027 4215 1100 4269 rest.
1116 4209 1163 4269 lv.
1177 4217 1205 4271 t.-
