2932 4842
471 869 850 939 vivims.
959 915 962 920 ι

602 1005 721 1020 m

245 1126 373 1202 Pauca
404 1127 509 1202 nobis
535 1135 679 1200 veteres
713 1128 937 1200 tradiderunt
966 1130 1012 1202 de
1038 1129 1109 1201 boc
1134 1140 1187 1203 to·

143 1241 310 1330 getarum
334 1238 463 1324 posta,
504 1231 607 1300 cuius
633 1239 865 1302 nomentum
900 1231 938 1299 in
964 1232 1120 1325 antiquis
1145 1233 1187 1304 li-

143 1337 219 1408 bris
252 1342 327 1404 tum
361 1355 382 1402 a
418 1331 505 1403 viris
539 1334 654 1403 doctis
687 1335 796 1403 modo
824 1331 1032 1404 Titinius
1064 1335 1186 1422 modo,

136 1445 181 1510 et
213 1436 325 1506 multo
360 1435 506 1526 saepius
539 1434 700 1525 quidem,
736 1433 975 1506 Titinnius
1008 1436 1186 1508 scribitur.

144 1540 222 1612 Sed
247 1559 334 1606 vere
361 1559 444 1606 eum
470 1534 647 1606 Titinium
674 1537 891 1627 appellatum
918 1560 1017 1626 esse,
1058 1538 1186 1608 intelli·

143 1643 243 1736 gitur
261 1662 281 1708 e
298 1636 429 1709 Sereni
446 1635 669 1708 Sammonici
687 1640 732 1708 de
747 1637 804 1708 Ro
825 1639 966 1710 medica
986 1661 1064 1732 cap.
1079 1639 1185 1710 LIX.

146 1745 202 1815 ed.
224 1741 441 1826 Burmann,
478 1739 606 1809 ubido
631 1740 829 1810 infantibus
857 1741 1098 1812 dentientibus
1125 1743 1187 1812 vel

145 1845 256 1938 strigo
282 1840 486 1934 inquietatis
514 1839 665 1914 v.10tt
687 1863 762 1934 sqq.
796 1841 888 1912 haec
913 1843 1098 1934 leguntur:

194 1943 427 2035 „Praeterea
453 1942 485 2012 si
510 1943 605 2013 forte
630 1945 759 2034 premit
784 1944 877 2014 strix
903 1955 983 2012 atra
1006 1945 1160 2034 puellos,

195 2047 329 2119 Virosa
355 2044 569 2135 immulgens
595 2045 750 2114 exsertis
775 2048 889 2114 ubera
910 2045 1034 2134 labris,

195 2148 296 2220 Allia
321 2148 503 2236 praecepit
529 2145 643 2216 Titini
669 2147 848 2216 sententia
875 2147 981 2234 necti,

196 2249 272 2328 Qui
298 2247 413 2318 veteri
439 2249 557 2317 claras
583 2247 762 2338 expressit
786 2270 887 2318 more
911 2255 1065 2340 togatas.
1075 2255 1101 2293 “

144 2352 190 2424 ln
215 2350 320 2421 tertio
347 2349 475 2420 borum
501 2371 672 2420 versuum
699 2351 877 2440 reperitur
901 2351 1044 2444 quidem
1077 2351 1185 2446 etiam

145 2454 275 2526 tundi
307 2475 372 2544 pro
407 2450 556 2521 Titini
598 2458 633 2520 et
665 2449 801 2522 Vecti
831 2474 897 2542 pro
931 2453 1073 2543 necti3
1118 2455 1185 2526 sed

144 2556 306 2648 plerique
332 2575 456 2624 omnes
479 2554 622 2622 codices
643 2575 790 2626 versum
816 2553 987 2639 offerunt,
1015 2556 1184 2646 quemad·

145 2659 292 2728 morium
323 2677 390 2725 nos
417 2653 499 2724 eum
525 2677 606 2725 cum
631 2653 841 2726 Burmanno
868 2656 1086 2748 scripsimus.
1136 2655 1187 2728 Et

145 2767 245 2830 recte
267 2779 309 2826 se
330 2757 465 2826 habero
481 2755 647 2842 Titini,
675 2758 781 2826 docet
803 2758 910 2826 etiam
930 2780 1086 2850 sequens
1103 2779 1184 2828 ver·

146 2883 227 2948 sus,
256 2859 315 2952 qui
338 2859 529 2928 manifesto
552 2857 701 2946 indicat,
728 2857 765 2926 in
792 2859 1086 2930 antecedentibus
1112 2883 1185 2930 non

32 2956 34 2965 ⁴
145 2962 294 3049 medici,
335 2960 401 3030 sed
433 2966 637 3051 togatarum
662 2959 847 3049 scriptoris
872 2983 1004 3030 nomen
1028 2963 1186 3052 positum

147 3086 240 3136 esse.
307 3061 382 3140 aui
421 3061 515 3131 enim
547 3059 682 3132 Venti
721 3061 998 3149 substituerunt,
1038 3070 1186 3156 propter

146 3187 317 3236 versuum
350 3169 598 3255 argumentum
631 3162 812 3253 cogitasse
842 3163 1010 3234 videntur
1041 3166 1087 3234 de
1111 3163 1185 3235 Vc·

147 3267 218 3337 ctio
246 3261 402 3361 (Vettio)
429 3263 583 3334 Valente
608 3265 768 3351 medico,
802 3265 944 3355 dequo
971 3265 1043 3335 vid.
1072 3261 1184 3336 Glan-

147 3369 248 3459 dorp.
282 3363 469 3438 Onomast.
502 3365 584 3436 bist.
613 3363 718 3434 Rom.
751 3387 787 3434 v.
814 3364 977 3436 Vectil.
1029 3366 1185 3439 Bothius

147 3477 287 3554 tamen,
323 3468 382 3536 cui
417 3468 633 3536 auscultavit
658 3460 892 3537 Weichertus
918 3471 964 3538 dc
990 3466 1089 3538 Titio
1117 3467 1185 3539 Se·
1322 3475 1324 3482 “

146 3571 270 3662 ptimio
303 3576 410 3661 pobta
442 3569 539 3658 pb,
578 3591 658 3639 cum
692 3567 833 3638 Jacobo
860 3566 1014 3640 Nicolao
1047 3569 1186 3640 Loensi

147 3669 349 3742 Miscellan.
384 3670 588 3760 epiphyllid.
623 3667 692 3740 lX.
721 3669 787 3757 18,
826 3666 930 3742 Grut.
958 3671 1072 3743 Thes.
1106 3673 1184 3744 orit.

148 3772 194 3846 T.
218 3771 263 3844 V.
291 3795 324 3863 p.
349 3772 441 3858 672,
485 3795 533 3844 ex
565 3771 672 3841 unius
697 3770 849 3841 huiusce
882 3773 953 3842 loci
985 3774 1186 3863 depravata

147 3876 326 3965 scriptura
351 3872 488 3942 Titinio
514 3894 734 3963 praenomen
759 3870 888 3942 Vectio
915 3872 1071 3972 (Vettio)
1107 3877 1184 3947 vin·
1283 3883 1292 3934 '-

148 3976 298 4059 dicavit‚
341 3975 496 4064 ineptam
529 3975 651 4044 dicens
687 3973 876 4044 lectionem
911 3977 1043 4046 necti.
1095 3977 1184 4047 For·

148 4085 244 4150 tasse
271 4079 375 4147 aliter
399 4077 594 4146 iudicasset
619 4076 676 4145 vir
701 4076 848 4162 doctus,
888 4076 920 4146 si
952 4079 986 4146 ci
1011 4079 1184 4149 innotuis·

149 4188 245 4268 sent,
271 4201 363 4270 qnae
390 4179 437 4248 ad
456 4177 577 4249 locum
601 4177 854 4270 explicandum
879 4180 1065 4250 annotavit
1082 4177 1184 4252 Keo-

919 4295 940 4354 7
