2932 4842
288 375 377 490 afra

242 615 245 620 -
291 569 388 630 fabula
413 553 547 648 imprimis
568 567 718 628 Menandri
738 559 991 652 Συνεφήβοις,
1018 589 1057 630 ex
1078 589 1135 649 qua
1155 571 1333 653 cognominis
1443 629 1445 646 ,

291 654 409 716 caecilii
430 652 514 714 fluxit
536 653 690 724 comoedia,
713 652 793 713 simul
809 652 933 714 sormsse
947 654 1018 714 alias
1033 655 1200 734 respiciens.
1229 657 1334 715 Exsta-

290 741 360 800 bant
377 739 449 799 euim
462 738 621 818 Euphronis
633 757 744 817 quoque
765 736 1002 818 Συνέφηβοι;
1023 736 1248 820 Συνέφηβος
1267 741 1334 799 Plri-

290 824 426 896 lemonis3
448 818 614 903 ’'Eppfioc
641 823 774 903 llplrippi,¹
805 824 913 883 mediae
936 824 1096 884 comoediae
1117 833 1234 905 poetae,
1266 826 1335 885 item

290 908 471 988 Apollodori3
494 902 713 990 Σύντροφοι
735 907 878 980 Alexidis,
901 908 1014 988 Diphili,
1037 909 1210 981 Memorem,
1232 910 1334 968 Posid-

291 994 365 1074 ippi3
393 992 466 1052 oliae
488 993 619 1066 aliorum3
649 994 763 1071 quibus,
792 999 924 1072 quantum
951 1013 989 1053 ex
1010 994 1240 1075 inscriptionibus
1260 995 1334 1054 iudi-

292 1098 359 1138 cere
379 1078 455 1151 linet,
476 1076 560 1138 facilc
581 1077 626 1137 hic
647 1078 689 1138 uti
711 1078 803 1157 potuit
823 1077 966 1138 Afranius.

712 1228 915 1243 .-....--

669 1337 957 1409 iuuare.

280 1473 283 1478 '
376 1466 537 1529 Meinekius
558 1466 594 1524 ad
616 1465 763 1526 Menandri
784 1466 917 1546 reliquias
939 1489 965 1546 p.
982 1474 1021 1528 19
1043 1467 1200 1540 annotavit,
1223 1465 1336 1527 Afranii

293 1552 410 1623 Andria,
431 1572 449 1610 a
471 1551 608 1610 Cicerone
630 1549 665 1608 de
683 1549 773 1610 Finit.
788 1553 845 1614 la
870 1559 900 1611 et
919 1552 1001 1610 Brut.
1010 1552 1101 1611 XLV.
1123 1552 1242 1634 aliisque
1259 1571 1336 1611 com·

294 1643 456 1708 memorata,
480 1655 544 1694 num
565 1641 716 1716 cognatum
731 1635 922 1696 Menandreae
944 1644 1140 1718 argumentum
1159 1637 1333 1712 tractaverit,

296 1722 324 1781 iu
358 1729 438 1779 tanta
468 1718 689 1801 fragmentorum
722 1721 863 1799 paucitate
895 1721 1041 1780 diiudicari
1075 1743 1130 1779 non
1158 1742 1252 1801 posse.
1296 1723 1335 1781 At

295 1805 390 1886 priore
413 1805 557 1864 Ciceronis
578 1805 641 1863 loco
663 1812 878 1864 commemorato
900 1807 1047 1878 Terentii,
1070 1827 1126 1866 non
1143 1807 1255 1866 Afranii
1275 1805 1334 1864 Au·

296 1890 375 1950 driac
396 1889 429 1948 fit
449 1890 569 1962 mentio,
603 1898 631 1948 et
652 1891 810 1968 posteriorc
832 1892 867 1950 de
888 1889 1006 1949 Afranio
1028 1891 1136 1969 quidem
1157 1892 1219 1970 ipso
1241 1911 1335 1951 sermo

296 1983 350 2048 est,
372 1976 421 2034 scd
445 1975 554 2033 minime
576 1974 611 2033 de
632 1973 739 2033 Andria
761 1975 831 2036 eius.
873 1977 971 2054 Neque
993 1997 1010 2036 a
1031 1976 1134 2048 Nonio,
1157 1977 1204 2054 qui
1225 1977 1261 2036 ad
1274 1977 1336 2034 Me·

296 2060 396 2121 nandri
419 2059 566 2136 reliquias,
598 2079 659 2117 cum
681 2059 811 2140 lingonis
833 2061 927 2120 Grotii
949 2066 978 2120 et
999 2061 1045 2120 Jo.
1068 2061 1170 2120 Clerici
1191 2061 1335 2121 annotatis

297 2165 372 2204 auno
394 2144 552 2202 MDCClX.
585 2144 783 2202 Amstelodami
805 2145 910 2218 editas,
939 2167 966 2224 p.
982 2153 1020 2206 14
1041 2145 1203 2224 perhibetur
1223 2145 1335 2204 Afranii

297 2229 430 2288 Andriam
457 2248 688 2300 commemorare,
716 2249 808 2307 neque
833 2231 868 2289 ab
897 2230 954 2288 ullo
976 2229 1031 2289 alio
1059 2231 1196 2309 scriptore
1218 2231 1335 2308 antiquo

296 2313 362 2373 lruic
383 2320 484 2392 poetae
506 2313 641 2372 eiusmodi
664 2312 783 2372 fabulam
805 2315 936 2374 tributam
955 2314 1075 2394 reperio.
1105 2315 1335 2394 Scripsitautem

298 2399 438 2459 Caecilius
459 2397 602 2469 Andriam,
625 2418 705 2476 quam
727 2399 762 2458 ad
781 2401 971 2460 Menandreae
992 2400 1174 2459 imitationem
1197 2399 1335 2478 composi-

297 2490 355 2543 tam
383 2482 472 2542 fuisse
492 2481 577 2542 facilc
598 2483 718 2565 colliges
740 2485 785 2544 vel
806 2505 844 2544 ex
865 2484 961 2563 paucis
983 2485 1091 2556 verbis,
1123 2505 1196 2564 quae
1225 2484 1334 2546 Nonius

297 2572 404 2646 p.152
427 2568 471 2628 ed.
493 2568 581 2627 Merc.
602 2567 669 2627 inde
689 2567 788 2627 affert:
810 2569 971 2644 „Conducit
991 2589 1091 2631 navem
1112 2569 1266 2651 putidam.“

435 2836 741 2901 Aeflanus
783 2855 846 2898 rur.
888 2838 1193 2916 aeuanla

383 2951 471 3014 viad.
488 2961 624 3016 annotata
644 2955 682 3016 ad
700 2955 866 3035 Aequalinm
887 2953 990 3040 fragm.
1005 2958 1026 3018 l.
1154 3038 1157 3044 =

616 3243 963 3306 nucula.

775 3429 776 3432 ,
805 3398 828 3458 Ι.

382 3513 491 3574 Nonius
515 3535 544 3593 p.
564 3521 606 3578 76
634 3515 680 3575 ed.
707 3515 812 3577 Mera:
844 3516 1031 3590 „Absente
1057 3514 1163 3574 nobis
1182 3511 1220 3575 'et
1240 3533 1334 3594 prae·

299 3607 404 3656 rente
425 3599 527 3658 nobie
553 3619 604 3679 pro
626 3601 822 3679 praesentibus
842 3601 924 3662 nobis
946 3608 976 3661 ct
996 3600 1159 3660 absentibus
1179 3599 1272 3660 uobis.
1292 3629 1334 3645 -
1450 3603 1451 3654 ἲ

298 3679 432 3742 Afranius
453 3684 481 3742 in
503 3685 656 3744 Auctione:

349 3805 398 3816 -
424 3767 575 3856 Adeste,
598 3772 630 3840 ei
652 3760 723 3840 hdo
744 3769 896 3842 ahsente
911 3769 1016 3841 ndbis
1036 3759 1192 3840 venierit
1208 3771 1335 3862 puer.“

297 3866 487 3927 Auctione.
510 3870 613 3929 Veml.
630 3871 665 3930 ll.
686 3870 753 3931 Par.
775 3873 930 3934 actione.
952 3903 995 3918 -·
1015 3870 1147 3930 Adeste
1164 3869 1333 3929 Jal'aleut.
1450 3861 1451 3880 ¹

297 3949 440 4010 Franckio
468 3954 609 4015 debemus.
646 3956 739 4040 Vulgo
766 3958 886 4018 Adest.
914 3957 1012 4036 Steph.
1043 3976 1105 4016 cum
1131 3956 1199 4015 Bas.
1232 3953 1334 4013 omittit
1375 4017 1383 4036 .

297 4036 472 4097 vocabulum.
494 4039 560 4098 lun.
583 4041 687 4101 Ades.
711 4042 792 4101 Both.
814 4043 926 4114 Adde,
955 4048 1072 4122 putans,
1099 4047 1133 4100 st
1155 4045 1249 4098 uatum
1272 4056 1335 4098 eene

298 4139 338 4180 ex
364 4121 394 4179 si
421 4131 566 4201 sequente.
596 4158 639 4170 -
666 4125 697 4186 nl
718 4127 790 4188 hac.
825 4127 896 4187 Ven.
917 4127 994 4187 l.ll.
1029 4126 1059 4185 si
1084 4126 1182 4185 lrenc.
1209 4124 1278 4183 Par.
1304 4122 1335 4181 si

299 4205 402 4267 hunc.
422 4207 511 4269 Merc.
531 4209 616 4270 Both.
637 4211 668 4270 si
688 4210 752 4272 uic.
795 4212 868 4273 Hac
887 4210 1050 4291 saepissime
1070 4208 1254 4291 coniungitur
1275 4227 1336 4268 cunr
