2938 4848
255 403 301 479 ι,

254 590 411 688 podiae
425 590 581 666 Latinae
606 591 645 664 in
662 599 736 666 bes
757 601 879 688 partes
893 594 1109 670 disdnotnnu.
1126 635 1177 652 -·-
1202 599 1293 671 Ant·

255 695 405 787 vespiae
422 693 701 768 MD.XGIIL“
727 698 772 788 43
800 706 854 769 et:
881 695 1038 786 „Petri
1063 696 1295 772 Seriverii

247 794 491 870 ¹‚ilolleotanea
520 806 685 871 menum
717 798 981 893 Tragiuorum,
1014 801 1058 873 L.
1091 801 1191 872 Livii
1215 803 1293 872 dn·-

251 899 413 986 dno‘niui,
447 897 650 989 stiland,
684 897 752 984 (in.
778 899 929 990 Naevii,
963 900 1015 975 M.
1041 897 1215 991 Putavit,
1246 903 1292 976 L.

251 1000 360 1090 nou,
386 1003 609 1094 aliorumque
630 1003 867 1095 Fragmentn3
892 1013 929 1076 et
953 1006 1049 1075 uiua
1073 1007 1153 1096 ipsa
1173 1002 1295 1075 Notae
1462 1049 1468 1068 ‹

252 1104 398 1176 breves.
451 1102 596 1182 auibus
619 1105 799 1176 accedunt
822 1106 998 1200 singulari
1028 1105 1150 1178 libello
1169 1104 1294 1178 'Casti
1348 1117 1350 1122 '

253 1205 422 1299 potiones
447 1215 485 1276 et
508 1203 629 1277 Notae
653 1206 842 1279 uberiores
859 1205 1016 1281 Gerardi
1032 1208 1183 1280 Ioannis
1199 1201 1294 1280 Vos·

252 1307 312 1379 sii.
363 1307 537 1400 Lugduni
560 1309 785 1381 Batavorum
809 1349 862 1364 --
885 1307 1128 1382 MDG.XX.‘⁸
1149 1312 1187 1382 8.
1220 1308 1293 1382 Ρο-

253 1416 428 1481 mannum
460 1431 505 1480 ea
536 1431 678 1504 qnoque
702 1413 867 1504 respexi,
900 1433 993 1505 qnae
1018 1413 1090 1482 viri
1116 1413 1214 1484 dootl
1239 1412 1292 1482 di·

253 1533 398 1602 mee,
425 1511 488 1582 vel
512 1511 551 1582 iu
577 1511 756 1604 operibus.
771 1513 906 1586 oritiois
930 1513 992 1585 vel
1015 1514 1054 1584 in
1079 1515 1295 1605 soriptenutu

254 1613 492 1701 editionibus,
528 1609 578 1684 ad
610 1621 815 1707 togatarum
838 1617 1043 1708 lnagmema
1068 1617 1294 1686 emendanda

253 1722 319 1786 aut
356 1715 571 1786 illustranda
610 1716 847 1789 contulerunt.
906 1715 1081 1788 Veterum
1118 1719 1294 1788 librorum

254 1825 416 1888 monstra
439 1824 525 1890 buno
551 1825 690 1890 tantum
715 1819 837 1906 omisi,
864 1839 975 1911 quum
999 1819 1171 1912 vulgatae
1195 1817 1294 1889 leuto

255 1941 344 1990 ones
371 1919 503 1990 dubiae
529 1915 645 1990 videri
669 1941 820 2012 prorsus
843 1943 916 1992 non
941 1927 1147 2014 potuerunt.
1176 1916 1295 1991 'Pani

98 2068 101 2073 ‚
254 2022 416 2107 natione,
449 2044 559 2114 quum
584 2022 657 2094 looi
681 2022 783 2098 allati
805 2022 845 2094 in
869 2023 990 2116 eliqua
1016 2023 1173 2096 editione
1201 2022 1294 2092 desi·

242 2125 492 2217 'donabantur,
517 2123 556 2194 id
581 2147 654 2196 non
679 2124 856 2214 indicavi,
892 2125 963 2196 nisi
987 2124 1050 2196 ubi
1074 2125 1122 2196 de
1147 2122 1295 2215 integul-

157 2249 160 2266 ·
254 2232 329 2298 tate
355 2249 482 2299 eorum
507 2227 683 2298 dubitatio
698 2228 837 2300 moveri
848 2249 958 2319 posse
967 2228 1170 2298 videbatur.
1191 2221 1296 2304 ,Non

255 2351 404 2420 veneon,
446 2351 502 2414 ne
534 2329 716 2402 omiserint
757 2330 902 2422 aliquid,
958 2329 1072 2423 quod·
1091 2327 1296 2406 addendum

253 2430 384 2519 suerio
417 2429 581 2518 lucillae,
614 2453 661 2501 ne
687 2431 904 2518 addiderim,
938 2431 1036 2523 quod
1061 2427 1296 2508 omittendum

253 2532 376 2604 fuerit.
427 2527 600 2602 Virorum
626 2532 814 2602 doctorum
843 2533 1087 2617 coniecturas,
1121 2536 1296 2623 quotquot

254 2631 341 2712 mihi
366 2635 599 2704 innotuerunt
607 2684 617 2722 ‚
651 2633 731 2704 fere
756 2633 933 2719 indicavi,
966 2655 1040 2702 non
1071 2653 1143 2722 quo
1170 2652 1295 2704 omnes

254 2737 307 2810 ita
334 2735 505 2830 effugias
530 2735 618 2805 mihi
644 2735 746 2805 visae
772 2732 861 2822 sint,
895 2733 961 2805 sed
994 2733 1091 2826 quod
1116 2731 1295 2802 interdum

254 2839 315 2910 vel
361 2838 504 2928 ineptae
546 2835 845 2908 hallucinationes
895 2837 1106 2924 advenam
1145 2833 1295 2926 seriptu-

255 2931 336 3018 uatu
361 2939 605 3030 indagandam
630 2937 781 3009 faciunt.
832 2933 989 3010 Omnino
1003 2931 1054 3006 ¹in
1079 2957 1295 3028 componen·
1336 2979 1338 2984 .

255 3045 302 3114 do
334 3040 406 3111 boe
430 3042 524 3110 libro
557 3043 608 3110 ita
633 3047 801 3112 versatus
827 3063 925 3128 sum,
959 3043 999 3108 ut
1029 3037 1129 3131 loqui
1160 3034 1296 3127 possim

254 3135 337 3220 unito
358 3143 605 3222 Quinotssiano
631 3141 803 3214 Instituit.
831 3148 921 3213 orat.
947 3137 1055 3212 VI.3
1083 3143 1194 3208 extu:
1221 3135 1297 3224 „Ut

255 3245 471 3332 erraverim,
504 3245 668 3337 legentes
700 3251 822 3316 tamen
853 3265 926 3313 non
958 3239 1106 3334 decepi,
1138 3238 1297 3310 iudicata

255 3345 402 3421 diversa
427 3346 610 3440 opinione,
645 3367 754 3442 quam
785 3345 889 3440 sequi
914 3340 1030 3436 magis
1060 3341 1296 3438 probantibus

254 3439 409 3534 liberum
435 3454 529 3520 est“
1032 3469 1036 3475 ·

363 3582 578 3672 scribebam
622 3581 787 3654 Berolini
832 3601 957 3656 mense
994 3578 1165 3672 Angusto
1211 3575 1297 3650 anui

255 3682 603 3766 owcccxxxu.

676 3951 875 3964 m
