2940 4838
1129 375 1209 454 lllll

673 551 705 610 v·.

254 667 364 728 Neuius
393 689 421 748 p.
438 673 504 731 496
524 667 568 729 ed.
589 667 694 730 Mera:
717 711 736 743 ,‚
743 667 892 732 Veteribus
913 668 1068 751 genitivum
1088 689 1141 751 pro
1163 689 1210 730 ac·

170 753 297 814 cusativa
328 753 396 833 poni
423 755 525 834 placet.
568 754 703 814 Afranius
730 754 759 814 in
782 754 984 835 Compitalibus
1004 789 1061 815 -.
1083 755 1161 815 ldern
1180 756 1209 814 in

170 835 342 898 simulanter
848 909 854 926 x

929 965 981 977 -
1006 923 1082 995 Tui

196 1002 398 1100 'Veretum
430 1048 493 1098 ma.
514 1027 564 1100 ad
587 1037 624 1098 ta
649 1017 748 1098 misit
774 1028 913 1096 oratum
938 1033 1086 1118 pater.“

170 1142 205 1202 in
227 1142 437 1202 Simulante.
460 1142 523 1203 ΑΜ.
545 1145 612 1203 Bas.
635 1143 775 1204 simula.
795 1179 837 1190 -
864 1149 976 1223 pater.
1009 1144 1092 1208 Libri
1116 1150 1211 1224 pate-

170 1233 241 1300 ret,
273 1227 347 1292 unde
377 1228 533 1290 Mercerius
555 1227 718 1310 simpliciter
738 1227 807 1290 fecit
828 1235 945 1307 pater3
967 1229 1085 1288 Bathius
1107 1237 1212 1307 pater

172 1319 223 1384 ct,
245 1313 410 1374 vocabulum
440 1320 477 1372 et
507 1314 542 1372 ad
569 1314 716 1394 sequentia
737 1314 812 1392 apud
833 1313 955 1372 Nauium
976 1315 1105 1372 trahens:
1135 1335 1212 1374 ara-

170 1405 239 1457 tum
261 1406 375 1477 pater.
409 1399 451 1456 Et
473 1397 565 1457 idem
587 1399 622 1457 in
644 1400 896 1478 Emancipato,
918 1399 1002 1478 idque
1024 1420 1058 1458 eo
1081 1399 1211 1478 probabi·

170 1482 226 1542 lius
248 1490 306 1556 est,
340 1485 414 1568 quad
446 1483 600 1544 antecessit
626 1484 719 1545 ldam
747 1483 779 1542 in
803 1482 1012 1542 Simulante.
1055 1484 1211 1542 Palmerius

170 1567 199 1625 in
222 1567 375 1650 spicileg„
412 1570 495 1628 Grut.
529 1570 620 1628 Thes.
651 1570 713 1628 crit.
745 1569 785 1628 Τ.
801 1568 848 1630 lV.
872 1591 898 1647 p.
911 1576 992 1639 724,
1024 1569 1117 1648 inepte
1144 1568 1211 1628 illud

171 1653 291 1713 mutarit
312 1652 340 1711 in
364 1653 497 1712 letere.
520 1685 560 1697 —
584 1655 614 1712 ln
637 1653 707 1713 Ven.
722 1654 744 1712 l.
762 1654 796 1711 ll.
818 1652 885 1713 Par.
908 1653 1104 1712 desiderantur
1126 1654 1212 1715 vecla

171 1737 265 1796 ldem
286 1738 321 1797 in
343 1738 543 1798 Simulante
566 1745 620 1797 etc.

668 1887 716 1948 vl.

256 2007 366 2070 Neuius
387 2030 414 2086 p.
431 2012 493 2069 510
515 2007 559 2066 ed.
581 2008 686 2068 Merca
709 2006 909 2080 „Saeviter
929 2026 981 2088 pra
1003 2027 1097 2067 saeve.
1125 2008 1212 2068 Plau·

172 2099 219 2152 tus
240 2091 267 2151 in
290 2092 432 2152 Paenula:
464 2090 538 2151 Aha
565 2098 637 2151 tarn·
660 2092 831 2153 saeviter.
864 2093 939 2150 ldem
966 2091 996 2151 iu
1028 2093 1210 2152 Trinummo:

172 2178 222 2237 Aa
244 2178 400 2249 nimium,
433 2177 810 2251 Stasime,·aaeviter.
853 2176 998 2236 Attiusin
1021 2179 1214 2256 Astyanactet·

171 2263 298 2322 Ferurn
319 2261 439 2322 feraci
461 2263 751 2322 contundendum
770 2262 953 2341 imperisit
974 2281 1115 2323 saevum
1137 2283 1212 2322 sae-

171 2346 276 2409 viter.
307 2348 416 2406 Ennius
437 2347 465 2408 in
479 2347 636 2407 Phoenice:
660 2347 829 2408 Saeviter
850 2347 1097 2425 suspicionem
1115 2346 1217 2408 ferre

172 2431 314 2505 falsam,
336 2431 480 2492 futilum
503 2439 568 2492 est.
611 2431 746 2492 Afranius
768 2433 796 2491 in
819 2432 990 2491 Simulante:

224 2533 392 2605 saeviter
423 2536 520 2605 ferre
552 2535 643 2605 hade
675 2541 711 2604 te
751 2533 881 2604 simula
914 2541 950 2603 et
983 2525 1129 2626 guaitam
1166 2537 1212 2606 ab

597 2633 600 2642 “
777 2637 841 2705 illa
870 2637 1088 2706 abducere.“

172 2753 209 2812 in
225 2753 435 2814 Simulante.
455 2755 523 2815 Par.
540 2755 604 2815 Ald.
627 2754 858 2814 Simulanter.
880 2788 922 2798 —
944 2753 1126 2814 Suaviter.
1142 2755 1212 2814 Par.

172 2839 236 2897 ΔΗ.
257 2841 323 2899 Bas.
351 2841 449 2919 Stepls
477 2842 642 2900 Saevum
659 2841 726 2900 dun.
748 2838 946 2901 Severiter.
989 2839 1067 2898 linae
1089 2839 1213 2900 varietas

172 2924 302 2984 lectiani·
330 2924 395 2984 iude
421 2932 489 2984 nata
517 2933 575 3000 est,
604 2927 679 3005 quod
700 2932 844 3005 postrema
863 2923 950 2983 verba
970 2924 1045 2994 laci,
1074 2944 1111 2983 ex
1132 2926 1218 2984 Attia

173 3009 265 3080 allati,
295 3029 440 3088 perperam
462 3011 491 3068 in
514 3031 615 3070 narum
636 3011 736 3069 lemma
756 3009 942 3068 transierant:
975 3010 1130 3068 Saevum
1148 3030 1216 3088 pru

173 3093 351 3166 saeviter3
374 3095 449 3156 unde
470 3095 572 3154 lunius
593 3094 662 3154 fecit
689 3095 878 3155 Severiter
898 3113 962 3178 pre
984 3093 1162 3166 saeviter,
1182 3094 1213 3154 iu

173 3179 309 3259 exemplis
338 3198 448 3259 quoque
474 3180 656 3258 sequentihus
677 3180 802 3240 scribens
824 3179 1014 3238 severiter.
1036 3179 1109 3238 Edd.
1131 3178 1213 3252 Vem,

173 3263 239 3322 licet
266 3274 295 3322 et
321 3263 399 3342 ipsae
422 3265 543 3324 habeant
563 3265 631 3323 illud
654 3267 803 3324 Saevum
826 3283 888 3342 pro
911 3263 1090 3335 saeviter,
1119 3270 1213 3324 tamen

172 3348 201 3406 in
224 3349 369 3427 ,exemplis
400 3349 495 3408 allatis
524 3347 647 3408 offerunt
668 3349 840 3409 saeviter.
884 3347 1004 3406 Omnino
1026 3355 1120 3408 autem
1140 3348 1319 3412 Attuarii..
1353 3317 1392 3406 rie
1426 3429 1434 3448 ι

172 3432 269 3531 lucus,
292 3452 381 3525 ¹quem
412 3434 495 3495 varic
513 3435 595 3493 meda
617 3440 764 3496 tentarunt
783 3434 837 3494 viri
859 3433 950 3505 docti,
977 3432 1019 3492 sic
1049 3433 1214 3526 scribendas

173 3518 345 3662 „digitium
366 3600 485 3662 feraci
507 3603 794 3663 scaturientium
823 3598 987 3701 imperio,
1016 3610 1052 3662 et
1072 3622 1214 3664 suerum

173 3771 270 3830 lraec.
294 3772 363 3831 Ven.
383 3774 405 3832 l.
424 3773 459 3832 ll.
487 3774 555 3834 Par.
575 3771 650 3832 hac.
678 3805 715 3819 -
736 3691 867 3831 srirlrl
874 3695 955 3830 122¹·-
972 3771 1022 3830 Sic
1039 3791 1106 3832 cunr
1123 3773 1213 3832 lllere.

173 3855 300 3915 Botbius.
324 3857 394 3918 Ven.
407 3859 429 3918 1.
443 3859 478 3918 ll.
499 3860 563 3918 Ald.
576 3859 642 3918 Bas.
656 3859 753 3936 Steplr.
775 3858 877 3922 simul
900 3864 944 3915 et.
959 3857 1024 3915 lun.
1037 3858 1139 3916 simul
1158 3878 1214 3930 ac;

84 3963 88 3976 ·
173 3939 293 4019 indeque
316 3942 480 4002 Gulielmius
502 3945 620 4009 Quaest.
649 3943 678 4002 in
699 3944 794 4001 l‘laut.
817 3942 949 4001 Bacelrid.
967 3941 999 4001 V.
1019 3942 1145 4002 simula
1165 3962 1214 4002 ac.

663 4077 723 4140 v-u.

259 4194 367 4254 (licere
392 4215 446 4275 pre
478 4196 512 4256 P.
540 4197 648 4257 Sentie
661 4196 737 4256 hu:
774 4197 898 4268 „Qum
927 4200 1063 4277 apuetur
1100 4201 1214 4277 tagam,
