2932 4842
1128 377 1210 456 lou

165 565 223 628 to:
250 555 444 651 dertare
467 555 800 628 nallainvitnt.
839 553 1011 634 idoneis
1028 550 1208 626 criminor

164 657 472 730 Haecieiasa
496 658 705 730 ientavit.
738 653 928 730 Plautus“
954 664 1022 728 ele.
1069 655 1212 734 iimm-

166 781 275 853 nusm
307 760 377 832 iste
408 781 482 830 uon
513 781 657 853 semper
688 760 758 830 hac
795 760 907 830 inme
948 758 1019 829 sibi
1054 765 1210 830 constet.-

157 861 289 940 ἢκ
305 862 533 953 negligentes
552 862 698 932 omuino
718 861 857 932 librarii
878 860 1015 932 fuerim
1034 859 1072 930 in
1095 860 1207 930 norni-

164 964 272 1034 nibns
299 963 517 1052 scrlbffldis,
555 964 698 1058 quoties
727 965 890 1055 integrae
920 963 1041 1032 lineae
1063 961 1208 1032 excide·
1351 1003 1353 1010 ·

162 1065 254 1152 rint,
286 1075 328 1136 ut
355 1065 418 1135 alii
446 1065 540 1136 alins
564 1065 681 1136 nmo
708 1066 971 1152 tribuerentur,
1009 1085 1136 1149 nenio,
1170 1065 1210 1136 in·

165 1168 411 1258 grammaticis
433 1165 595 1254 hannis,
621 1167 834 1258 praesertim
852 1165 996 1252 Nonio,
1029 1172 1208 1252 versatae,

165 1269 291 1340 nescit.
323 1268 464 1360 Aperte
487 1276 608 1340 autom
630 1275 726 1340 erret
742 1267 1004 1340 Eberhardtius
1025 1266 1063 1336 in
1083 1265 1212 1338 libello.

165 1371 213 1440 dc
231 1372 364 1440 ortium
386 1369 619 1442 hamanitatis
637 1378 737 1441 statu
758 1391 815 1461 ap.
831 1367 957 1456 Rom„
982 1389 1088 1460 quem
1109 1366 1210 1440 nor,

164 1471 288 1544 desim
310 1468 527 1544 Germanice
554 1473 809 1564 interpretatus
837 1479 910 1558 est,
943 1491 978 1562 p.
995 1469 1061 1556 54,
1097 1488 1207 1562 quum

162 1572 221 1658 id,
248 1574 346 1665 quod
367 1573 415 1644 ed
434 1572 481 1669 L,
499 1571 741 1664 Pomponium
756 1573 1026 1644 Bononiensem
1040 1571 1206 1662 pertinet,

164 1673 212 1744 de
239 1672 284 1745 L.
306 1673 464 1746 Afranio
483 1677 640 1765 profert,
683 1696 765 1744 eum
787 1675 980 1746 Atellanas
1001 1674 1209 1744 correxisse

167 1776 204 1844 et
241 1776 290 1846 ud
331 1776 419 1846 artis
453 1778 601 1868 regulas
634 1774 844 1848 instituisse.
911 1772 1048 1866 Neque.
1071 1770 1207 1846 Graeci

166 1877 371 1968 argumenti
413 1869 625 1949 ¹comoedias
674 1878 768 1954 sive,
802 1877 969 1970 palliatas
1011 1875 1207 1968 Afranium

166 1977 356 2068 scripsisse
383 1973 579 2078 uerisimile
607 1986 681 2069 est3
719 1979 804 2068 licet
830 1977 974 2049 Thais
1002 1978 1092 2046 eius·
1110 1999 1206 2049 eoru-

165 2087 385 2149 memoretar
411 2087 448 2150 et
467 2077 740 2167 Parisinus,
775 2072 888 2167 ande,
915 2099 1025 2172 quum
1048 2077 1117 2172 hoc
1142 2101 1205 2147 no-

164 2201 249 2251 men
283 2181 483 2258 inauditum
519 2183 587 2270 sit,
630 2184 700 2256 viri
728 2183 825 2253 docti
850 2183 1017 2276 fecerunt
1033 2175 1206 2256 ¹Pauta-

164 2281 281 2353 leon.
335 2281 477 2372 Thais,
497 2285 672 2376 quoniam
701 2281 843 2360 Romae
871 2304 1014 2376 quoque
1043 2282 1206 2356 meretri·

166 2403 228 2454 ces
250 2377 426 2459 Graecae
440 2394 561 2482 werant,
590 2387 697 2471 etiam
723 2393 868 2477 togatae
893 2384 1016 2454 titulus
1038 2405 1119 2454 esse
1142 2406 1205 2476 po·

101 2563 108 2570 p
165 2484 243 2556 tuit.
301 2484 504 2558 Pantaleon
533 2496 654 2560 autem
681 2489 807 2559 fabula
837 2479 993 2558 Aternio
1029 2485 1206 2556 vindicari

164 2587 290 2678 nequit
309 2589 368 2659 vel
385 2589 485 2676 ideo,
513 2591 610 2684 quod
630 2589 852 2660 hoonomen
873 2589 1053 2680 palliatam
1074 2589 1204 2678 urgelit,

164 2709 283 2781 neque
308 2687 458 2762 aliunde
475 2699 635 2780 constat,
660 2693 763 2788 illum
783 2689 960 2762 eiusmodi
979 2689 1125 2760 fabulas
1139 2689 1203 2777 do-

165 2785 296 2861 unisse.
347 2790 461 2864 Plura
493 2795 539 2864 de
573 2795 677 2864 titulo
711 2792 773 2863 illo
805 2817 874 2863 suo
907 2793 988 2862 loco
1029 2791 1204 2861 dicentur.

164 2889 225 2961 Ac
257 2892 329 2965 iam
362 2896 481 2966 nullas
506 2897 640 2966 secisse
664 2897 809 2966 subulas
833 2893 1028 2966 Afranium
1060 2897 1207 2984 praeter

165 2998 308 3085 togatas
334 2995 559 3068 tabernarius
586 2997 767 3068 affirmare
792 3019 866 3067 non
892 2995 1108 3066 dubitamus.
1222 3044 1225 3049 -

252 3159 311 3233 ‘In
336 3164 393 3237 his
417 3173 540 3238 ,autem
572 3165 770 3242 scribendis
805 3166 963 3236 maxime
989 3161 1205 3234 excelluisse

163 3267 326 3354 poitam,
366 3277 528 3358 veterno,
558 3271 631 3363 ‘qui
665 3270 743 3340 eius
759 3270 940 3340 ¹fecerunt
971 3263 1204 3349 mentionem,

164 3371 350 3439 testantur
365 3391 439 3440 uno
466 3395 531 3444 ore
557 3393 694 3462 omnes.
752 3371 791 3442 A
816 3365 1207 3440 udolmannus

164 3464 345 3542 hominem
371 3472 408 3542 in
433 3474 567 3562 fabulis
589 3475 779 3558 disertum,
807 3495 830 3541 a
848 3467 990 3543 Velleio
1009 3467 1205 3538 Paterculo

164 3569 301 3642 clarum
327 3573 528 3666 ingenium,
555 3575 718 3668 usquein
736 3570 962 3647 Graecorum
979 3564 1206 3660 ingeniorum

164 3677 470 3764 comparationem
498 3684 681 3761 evectum,
708 3673 1052 3768 dulcesque'Latini
1072 3671 1208 3761 leporis

164 3773 316 3847 facetias
342 3778 377 3848 ei
401 3780 528 3866 tribui,
557 3803 580 3850 a
605 3777 785 3850 Diomede
811 3776 1043 3869 grammatico
1070 3771 1208 3864 praeei-

163 3899 235 3976 pue
271 3901 355 3950 eum
395 3904 477 3951 oum
509 3880 680 3959 Quinctio
721 3887 882 3972 togatas,
905 3876 1131 3948 tabernarius
1170 3873 1210 3950 itt

164 4001 335 4052 scaenam
366 3983 574 4054 ducturisso
604 3980 719 4069 tradi,
760 3989 844 4052 ame
873 3979 1044 4053 uidimus.
1096 3974 1208 4064 Apud

83 4093 87 4098 '
164 4077 360 4156 Horatium
383 4084 531 4178 Afranii
556 4091 643 4178 toga
668 4083 896 4156 convenisse.
909 4080 1041 4165 dicitur
1055 4075 1209 4168 Menona
1317 4123 1321 4127 -

165 4183 242 4256 deo.
254 4231 269 4251 ..
295 4185 570 4279 (luneqrddenp
587 4185 787 4282 sentemiu,
802 4189 989 4276 qusuium
1007 4203 1063 4276 ,cx
1083 4177 1208 4258 verbis
