2940 4838
287 396 370 472 276

287 569 439 632 ”atentia
482 569 561 642 „lsta
581 567 728 646 Afranii,“
758 569 863 651 inquit,
896 571 983 651 „quid
1013 571 1067 631 sibi
1093 569 1199 643 veiint,
1229 590 1332 651 pamm

287 656 433 738 intaiiigo:
455 674 520 714 nom
541 654 727 738 indignum
748 665 847 716 testu
868 658 913 718 vei
926 655 1250 737 propriavelproseririi
1264 657 1330 715 ioco
1452 681 1453 740 p

287 741 358 814 dici,
389 761 446 800 uon
474 740 587 800 memini
613 760 657 799 me
683 739 782 822 legere
803 743 877 822 apud
899 743 1083 822 scriptores.“
1126 741 1216 802 Facili
1237 748 1330 800 muta·

287 827 365 886 tione
386 845 440 885 neo
461 823 556 904 inepta
577 827 720 886 sententia
740 827 825 886 scribi
846 833 955 908 potest:

334 927 530 1019 Indignum
554 947 657 1014 veru,
684 928 797 1016 disco,
823 929 897 998 olla
923 935 959 998 et
983 934 1090 999 testu.

289 1047 390 1107 Sermo
411 1043 524 1105 videtur
544 1042 634 1105 fuisso
655 1046 690 1106 de
712 1047 806 1126 aliquo
827 1047 890 1108 cibo
912 1067 1040 1126 nequam.

765 1215 844 1275 Xiil.

373 1331 474 1392 Cicero
496 1330 617 1390 Tuscui.
636 1328 683 1390 lv.
706 1341 762 1396 20:
785 1335 906 1412 „ipsam
926 1331 1148 1415 aegritudinem,
1171 1349 1254 1408 quam
1276 1348 1332 1388 nos

288 1423 321 1476 ut
341 1423 461 1476 taetram
482 1421 512 1474 et
533 1415 679 1474 immanem
699 1416 818 1476 bellnam
840 1413 1004 1496 fugiendam
1026 1435 1090 1474 esso
1112 1412 1248 1482 diximus,
1271 1430 1332 1470 non

288 1496 350 1556 sine
370 1513 476 1576 magna
497 1494 621 1579 utilitate
641 1516 660 1555 a
680 1505 783 1558 natura
803 1500 900 1560 dicunt
921 1499 1117 1568 constitutam,
1148 1503 1182 1556 ut
1201 1495 1332 1554 homines

288 1578 533 1662 castigationibus,
555 1581 827 1659 reprehensionibus,
848 1582 1013 1665 ignominiis
1033 1581 1110 1642 affici
1130 1601 1163 1640 se
1178 1580 1208 1640 in
1225 1579 1331 1639 delicto

289 1665 427 1725 dolerent.
470 1664 623 1743 impunitas
651 1669 723 1726 enim
750 1676 928 1747 peccatoram
955 1669 1023 1728 data
1053 1668 1165 1728 videtur
1192 1665 1248 1738 eis,
1280 1663 1333 1742 qui

288 1749 471 1832 ignominiam
493 1757 524 1808 et
544 1749 686 1810 infamiam
706 1750 802 1811 serunt
823 1754 885 1814 sina
902 1754 1015 1813 doloret
1038 1751 1160 1812 morderi
1171 1758 1216 1810 est
1228 1750 1333 1808 meiius

289 1834 474 1895 conscientia.
516 1836 563 1893 Ex
598 1855 653 1914 quo
687 1843 732 1896 est
758 1837 827 1898 iliud
853 1858 871 1900 o
904 1838 964 1902 vita
993 1838 1107 1898 ductum
1135 1837 1171 1896 ab
1197 1833 1333 1896 Afranio.

288 1921 361 1980 Nam
382 1939 465 1998 quum
487 1917 641 1980 dissolutus
661 1919 751 1981 filins:
1453 1933 1454 1958 i

338 2021 424 2092 Hesi
448 2043 507 2128 mc
532 2022 720 2094 miserumi
748 2062 798 2078 ·-

290 2147 348 2200 tum
369 2159 486 2201 severus
507 2147 604 2219 paterz

372 2281 419 2294 —
437 2231 644 2350 Duiuimodo
660 2243 781 2314 doleat
795 2235 942 2336 inquid,
964 2244 1086 2314 dolcat
1102 2213 1335 2336 quiiiubet.“
1453 2203 1454 2238 r

172 2363 176 2373 '
218 2371 224 2382 ’
290 2358 707 2440 quidiubatorelliuscum
734 2360 960 2422 aiiisexoodd.
989 2358 1332 2442 Vulguqnodiubet.

290 2445 395 2506 Eadem
417 2444 547 2504 iectionis
568 2446 692 2506 varietas
714 2452 759 2506 ost
785 2447 869 2507 etiam
890 2447 980 2506 Taso.
997 2447 1043 2505 iv.
1067 2450 1106 2507 25
1130 2452 1159 2505 et
1179 2443 1270 2526 Epist.
1293 2442 1333 2502 ad

290 2529 352 2588 Aa.
374 2527 451 2588 XVI.
474 2537 503 2600 2,
534 2530 582 2589 ubi
614 2546 712 2590 rursus
747 2530 905 2592 offeruntur
935 2531 1023 2593 verba
1054 2529 1243 2593 Dummodo
1273 2534 1332 2588 etc.

291 2613 323 2673 in
345 2613 466 2694 epistola
486 2615 522 2674 ad
541 2615 665 2675 Atticum
685 2622 787 2696 potitae
809 2637 909 2676 nornen
931 2636 990 2677 non
1011 2623 1056 2676 est
1076 2619 1334 2676 commemoratum.
1454 2691 1455 2696 η

772 2785 848 2846 xlv.

324 2973 331 2980 ι
378 2898 488 2960 Gellius
497 2899 565 2960 XX.
577 2909 608 2974 6,
624 2903 659 2962 de
673 2904 818 2965 vocabulis
835 2904 951 2966 vestri
968 2911 999 2965 at
1014 2910 1187 2974 vestrum,
1208 2899 1332 2961 nostri

292 2991 514 3152 ppgptpstrum
548 2986 668 3066 dibqua
700 3009 861 3067 exponens:
900 2988 1101 3062 „Afranius,“
1138 2987 1245 3066 inquit,
1274 2985 1331 3058 „in

342 3162 480 3244 Nescio
507 3174 569 3267 qui
595 3175 710 3245 nostri
733 3176 915 3248 miseritus
941 3177 1086 3247 tandem
1110 3176 1247 3246 deus.“

781 3345 845 3404 XV.

378 3456 541 3518 Macrobius
563 3459 679 3520 Satura.
692 3461 738 3520 Vi.
758 3465 792 3522 5:
814 3460 988 3536 „Acritos
1008 3462 1152 3542 lepores
1174 3480 1230 3519 non
1247 3459 1330 3520 Maro

293 3540 398 3619 primus
419 3551 537 3623 usurpat
566 3541 688 3627 (Georg.
707 3547 727 3604 i.
750 3544 843 3625 308),
873 3547 924 3606 sad
944 3546 1091 3606 Afranium
1111 3545 1253 3625 sequitur,
1283 3543 1331 3623 qui
1453 3619 1455 3640 ⁴

294 3623 322 3682 in
345 3625 466 3708 prologo
488 3648 526 3687 ex
546 3649 669 3709 persona
689 3631 786 3711 Priapi
808 3631 861 3691 ait:

495 3771 547 3781 —-
572 3723 669 3802 Nsim
693 3736 789 3824 quod
815 3735 926 3826 vulgo
952 3733 1171 3824 praedicant,

346 3824 479 3899 Aurito
504 3855 562 3902 me
587 3825 738 3926 pare'nte
763 3844 898 3922 natum,
924 3830 999 3908 non
1023 3837 1074 3906 ita
1100 3838 1200 3906 est.“

296 3941 457 4021 Stephanus
480 3967 516 4006 ex
537 3949 591 4010 hoo
612 3951 675 4011 loco
697 3953 865 4032 suspicatur,
886 3953 976 4014 finisse
996 3954 1115 4033 aliquam
1127 3951 1238 4011 Afranii
1252 3950 1332 4011 fabu-

296 4026 360 4098 iam,
381 4027 479 4110 Priapi
502 4035 614 4094 nomino
635 4036 805 4118 inscriptam.
848 4040 893 4100 Do
914 4060 969 4121 quo
991 4059 1048 4099 non
1071 4037 1212 4116 estquod
1233 4037 1333 4096 addam

295 4112 454 4191 quidquam.
497 4118 693 4180 Broukhnsins
714 4125 750 4182 ad
771 4124 879 4184 'libuli
899 4126 922 4185 Ι.
945 4132 974 4186 4.
996 4130 1026 4200 7,
1047 4123 1257 4203 reprehendens
1272 4121 1333 4181 liis·

295 4197 436 4272 “fflbifflfls
471 4204 547 4281 quod
572 4205 706 4285 Priapum
732 4227 770 4268 ex
795 4211 893 4289 lepore
918 4217 1010 4271 satum
1031 4229 1095 4270 ossa
1121 4206 1261 4280 affirmat,
1291 4205 1332 4266 sic
