2932 4842
263 376 348 454 lau

265 560 377 616 verant.
413 553 534 616 Eosdem
556 561 650 616 mosen
673 557 799 618 nonnulli
819 575 1035 630 commones,
1056 557 1192 619 velutad
1214 577 1309 618 ernen-

266 639 408 700 dotionem
436 640 571 711 nominis,
603 641 836 703 vocitaverantss
883 641 960 702 idem
981 640 1107 702 conferri
1134 643 1213 702 iubet
1234 644 1307 704 Seli.

265 725 299 784 V.
324 732 381 796 173
413 725 491 784 Feet.
518 745 546 786 ι
568 725 758 801 Nonarum
791 746 960 806 aaronque,
993 727 1069 786 sicrrt
1100 727 1185 788 eliam
1219 727 1309 851 ipsiu

265 809 419 882 Macrobii,
447 809 626 890 interpretas.

681 979 882 990 m·-

397 1095 709 1157 'MATERTERA
739 1093 796 1159 uel·
821 1096 1155 1158 MATERTERAE.

351 1226 511 1315 Scholiasta
531 1232 648 1312 Cruquii
672 1232 708 1293 ad
730 1232 842 1292 Horatii
868 1232 937 1292 illud
958 1232 1048 1313 Epist.
1076 1233 1112 1295 ll.
1137 1240 1165 1293 1.
1186 1241 1228 1296 79
1250 1253 1306 1312 sq.=

266 1320 381 1380 Recte
414 1338 527 1378 necue
557 1336 696 1392 crocum
726 1317 919 1396 floresque
948 1319 1172 1398 perambulet
1201 1319 1309 1380 Attae

266 1402 418 1462 Fabulae
463 1403 569 1476 Q„rrae
607 1402 769 1464 inscribitur
808 1403 1072 1467 Matertera‘?
1099 1404 1176 1466 Idem
1213 1403 1310 1466 addit·

267 1490 405 1562 „Recte
427 1508 539 1547 aecae
561 1488 786 1566 perambulet
807 1507 947 1547 crocum
970 1477 1174 1568 floresque,
1204 1488 1307 1560 idest,

267 1575 295 1632 in
325 1593 456 1632 scaenam
486 1578 601 1651 recepta
630 1571 681 1643 sit,
718 1591 790 1651 quae
811 1570 927 1634 floribus
954 1579 985 1632 et
1012 1593 1096 1634 croco
1126 1571 1309 1654 spargiturff‘

267 1658 403 1729 Meliora,
426 1657 501 1736 qnod
515 1653 624 1736 quidem
646 1657 749 1715 attinet
770 1657 805 1716 ad
827 1657 1043 1737 explicationem
1056 1656 1213 1720 verborum
1236 1679 1308 1718 ero·

269 1763 341 1804 cum
368 1741 557 1821 floresque
583 1742 818 1821 perambulet,
853 1741 982 1821 proferre
1003 1743 1114 1803 videtur
1133 1743 1307 1822 Porphyrius

269 1829 377 1900 „,Atta
408 1834 570 1908 togatorum
592 1827 728 1905 scriptor,
761 1827 790 1885 iu
812 1825 921 1899 fabula,
953 1847 1026 1906 quae
1053 1827 1216 1888 inscribitur
1242 1829 1308 1887 Ma·

268 1919 444 1983 terterae,
472 1913 513 1972 ita
533 1911 631 1970 florum
636 1931 761 2010 'genera
783 1918 941 1982 enumerat,
971 1919 1004 1970 ut
1025 1913 1087 1972 siue
1108 1913 1192 1972 dubio
1214 1932 1308 1992 repre·
1386 1915 1395 1935 ³

268 1999 432 2058 bendeodus
454 1997 491 2056 eit
519 1997 554 2055 ob
576 1997 688 2054 nimiam
708 1993 942 2076 loquacitatem“
984 1992 1054 2056 lode
1075 1996 1193 2057 fluxisse
1212 1999 1309 2058 viden·

268 2091 330 2155 tur,
363 2100 436 2161 quae
458 2082 531 2162 opud
552 2083 692 2144 Acronem
708 2082 884 2162 legimus:‚
886 2082 970 2153 ‚Atta
998 2088 1161 2166 togatarum
1183 2083 1310 2182 ‘scriptor

269 2168 480 2250 tragoediarum
503 2165 547 2228 v'el
563 2162 768 2226 comoediarum
783 2165 851 2226 fuit
858 2164 1006 2245 antiquus,
1028 2168 1076 2248 qui
1097 2167 1125 2226 iu
1147 2167 1207 2226 suis
1228 2167 1310 2229 dictis

271 2251 432 2313 italiorum
462 2272 571 2333 genera
601 2251 704 2330 repetit
725 2259 765 2310 et
791 2258 951 2326 enumerat,
984 2258 1017 2310 ut
1043 2253 1106 2312 sine
1136 2253 1310 2312 dubitatione

269 2333 517 2418 reprehendendus
543 2335 581 2396 sit
608 2336 644 2396 ob
666 2335 777 2397 nimiam
798 2337 1032 2414 loquacitatem.“
1074 2336 1184 2396 Afranii
1204 2339 1312 2397 Mater·

269 2432 332 2484 tera
353 2423 413 2494 vel,
446 2423 521 2499 quod
541 2421 636 2482 verius
657 2421 782 2495 videtur,
815 2423 989 2482 Materterae
1010 2423 1123 2502 saepius
1145 2441 1311 2482 commemo-

268 2515 358 2568 ratur.
402 2508 498 2572 Quare
525 2507 660 2578 Balbine,
694 2507 740 2564 cui
768 2513 875 2566 tantum
903 2507 1130 2566 commentatoris
1157 2506 1316 2586 Cruquiaoi

269 2596 350 2653 locus
377 2592 554 2664 innotuerat,
583 2590 703 2650 Afranio
732 2592 786 2650 soli
806 2591 1001 2653 vindicandam
1022 2593 1131 2671 putavit
1151 2593 1233 2652 buius
1260 2613 1311 2650 uo-

269 2677 352 2736 minis
372 2675 504 2736 fabulam.
539 2676 596 2734 Sed
619 2675 729 2734 etiamsi
749 2695 806 2734 noa
828 2675 1028 2736 confirmarent
1047 2676 1122 2736 illins
1142 2678 1319 2738 scholiastae

270 2761 458 2821 testimonium
468 2761 672 2840 Porphyrionis
692 2761 793 2833 verba,
815 2769 909 2819 tameo
926 2762 1113 2840 periculosam
1135 2769 1225 2834 esset,
1247 2782 1312 2841 pro-

269 2855 334 2928 pter
355 2847 408 2905 boc
429 2865 528 2916 unum,
557 2846 631 2924 quod
652 2845 738 2904 semel
759 2853 867 2906 tantum
889 2866 952 2905 eam
974 2847 1164 2926 composuisse
1186 2847 1313 2906 tradere-

270 2939 331 3005 tur,
352 2937 455 3012 podtae
479 2930 602 2990 fabulam
630 2930 780 3011 obrogare.
825 2931 858 2990 Si
879 2931 930 2990 tali
950 2932 1034 2992 modo
1056 2930 1182 2994 iudicare
1203 2932 1312 3003 liceret,

271 3037 329 3078 ιιιιιι
359 3017 450 3076 solum
475 3016 588 3087 Attae,
605 3015 657 3075 sed
677 3017 795 3087 alierum
823 3035 939 3094 qnoque
959 3017 1109 3078 multorum
1135 3017 1311 3097 seripteram,

271 3104 346 3182 quod
367 3101 478 3181 quidem
499 3102 536 3160 ad
557 3101 690 3161 librorum
717 3101 825 3180 copiam
852 3101 989 3173 attinet,-
1006 3101 1103 3183 gloria
1121 3103 1243 3164 maxine
1262 3101 1313 3160 mi·

271 3195 416 3248 oneretur.

676 3299 905 3320 ᾔ,

566 3396 1013 3528 MEGALENSIA.

355 3572 473 3634 Seruius
501 3572 537 3631 ad
567 3572 649 3654 Virg.
680 3573 782 3654 lielog.
804 3572 864 3640 Vll.
894 3583 949 3636 33:
983 3573 1118 3646 „Sinus
1149 3592 1243 3655 genos
1269 3580 1313 3634 est

271 3659 359 3758 vasis:
408 3657 492 3725 Quod
520 3676 600 3736 quum
632 3653 839 3758 significamus,
871 3659 901 3717 si
931 3616 1108 3738 pro'dueitur3
1140 3678 1223 3738 qaum
1245 3679 1313 3720 vero

268 3763 407 3889 iiim
434 3739 718 3900 ltllt'llt,
737 3743 1112 3900 ⁰tl‘l¹‘¹‘''.l...l““,⁰.lt
1132 3741 1314 3887 {labli

268 3828 409 3974 cebniiiit.
454 3911 529 3971 Tria
550 3848 642 3987 einim,
677 3932 729 3993 pro
709 3850 853 3992 quibu}
874 3931 948 3972 nnnc
969 3851 1177 3993 uziatophorou
1200 3911 1312 3973 dicitru.

265 4000 334 4060 Atta
355 3999 384 4057 in
405 3997 633 4079 Megalensibus:

672 4121 720 4132 —
746 4079 888 4176 Nempe
916 4082 1161 4170 adraensem,

313 4185 386 4300 Ubi
411 4173 533 4256 sermo
560 4185 607 4254 de
632 4157 718 4254 sina
742 4173 837 4254 soldt
861 4173 1032 4254 suboriri.
1042 4190 1067 4230 ‘⁶
