2938 4848
257 363 314 443 38

160 583 166 596 ι
226 589 229 596 -
262 541 403 636 equites
427 539 759 634 introducerentur,
784 542 994 616 fabularum
1019 564 1136 640 genna
1152 545 1314 618 seriben-

262 645 349 717 dnm
388 646 499 720 facile
538 643 687 717 invitari
725 645 854 740 potuit.
918 646 967 719 Et
1009 649 1317 740 quemadmodum

264 749 354 819 ordo
397 759 563 843 equester
602 750 744 822 medius
784 758 862 820 erat
894 749 990 820 inter
1021 751 1244 822 senatorium
1277 759 1317 823 et

263 850 463 944 plebeium,
503 852 572 940 ita,
613 855 711 947 quod
744 853 792 924 ad
831 875 1068 944 personarum
1101 853 1317 947 dignitatem

265 955 404 1042 attinet,
431 956 615 1027 trabeatos
642 957 783 1026 media·
809 957 925 1028 fuisse
950 956 1045 1028 inter
1066 965 1318 1048 praetextatos

266 1061 303 1126 et
327 1057 556 1130 tabernariae
580 1060 733 1129 eredere
757 1077 826 1151 par
850 1069 917 1130 est.

753 1227 824 1302 lv.

367 1357 588 1433 Fabulam
614 1361 926 1436 tabernariam
953 1383 977 1434 a
1001 1362 1155 1436 taberna
1180 1365 1316 1438 dietam

270 1482 371 1552 eoae,
408 1466 641 1536 manifestum
669 1473 742 1556 θεὶς
776 1468 906 1554 minus,
927 1465 996 1560 qui
1020 1466 1158 1538 foetum
1183 1467 1248 1555 sit,
1273 1473 1318 1540 ut

268 1563 354 1634 inde
386 1567 639 1657 appellaretur.
693 1565 803 1646 Quae
843 1568 1066 1660 antiquiores
1105 1569 1176 1640 viri
1215 1570 1316 1644 dooti

269 1665 330 1734 vel
363 1669 600 1757 probabiliter
632 1672 692 1740 vel
724 1673 860 1763 absque
893 1669 1147 1762 probabilitate
1172 1673 1218 1742 de
1243 1671 1316 1744 hoo

267 1768 473 1840 fabularum
500 1793 633 1864 genere
653 1774 948 1864 pronuntiarunt,
976 1793 1102 1842 eorum
1116 1775 1316 1865 praecipua

269 1869 306 1938 in
339 1873 548 1944 continuata
580 1871 649 1944 lrao
681 1876 924 1966 disputatione
951 1873 1199 1946 indicabimus.
1240 1874 1315 1946 Re·

269 1971 497 2046 cantissimos
523 1997 600 2048 rem
628 1977 796 2046 evincere
822 1979 958 2047 studuit
983 1972 1165 2048 Osannus.
1201 1977 1241 2048 Is
1249 1975 1315 2068 ¹⁴¹)

270 2097 293 2145 a
318 2076 489 2164 tabernis,
516 2079 579 2148 abi
603 2078 814 2150 huiusmodi
838 2081 922 2150 'vilis
943 2080 1148 2170 argumenti
1169 2074 1316 2150 oomo'e·

268 2177 363 2264 diae,
390 2185 431 2249 ut
444 2181 505 2267 ait,
527 2182 681 2272 primum
697 2191 902 2273 agerentur,
924 2181 1167 2252 tabernariam
1182 2203 1316 2252 nomen

269 2279 420 2350 duxisse.
452 2284 665 2374 auspicatur.
719 2281 832 2354 Putat
857 2284 970 2371 enim,
1011 2282 1081 2353 boo
1105 2284 1316 2354 fabularum

269 2403 384 2474 genua
417 2381 518 2454 initio
551 2407 573 2455 a
606 2408 740 2458 soaena
771 2387 917 2477 publica
949 2386 1029 2456 sive
1059 2383 1200 2456 theatro
1227 2387 1316 2456 alie-

267 2504 355 2553 num
379 2487 440 2555 vel
466 2487 662 2558 cohibitum
687 2488 822 2574 fuisse,
855 2501 983 2578 postea
1015 2507 1105 2557 vero
1132 2489 1241 2558 etiam
1267 2489 1316 2558 ad

266 2583 433 2676 publicos
454 2589 571 2676 ludos,
595 2612 669 2659 non
689 2596 827 2661 mutato
848 2591 1134 2682 tabernariarum
1155 2590 1314 2678 nomine,

269 2686 482 2759 translatum
501 2713 604 2780 ease3
630 2692 737 2784 idque
752 2692 919 2762 inductus
933 2691 994 2762 Jo.
1010 2690 1108 2782 Lydi
1128 2693 1210 2761 loco
1228 2690 1313 2789 ¹⁴²):

268 2786 539 2884 „Tasseprapta
565 2787 606 2863 dr*
631 2789 838 2886 ἡσκηνωτὴ
855 2789 879 2886 ἢ
896 2790 1075 2887 θεατρικὴ
1091 2788 1316 2886 xmprpdiot,“

270 2910 379 2984 quem
403 2892 455 2962 ita
481 2894 674 2987 legendum
702 2896 865 2967 ooniioit:
905 2945 932 2981 „
945 2890 1182 2990 Ταβερναρία
1215 2890 1256 2966 dt
1288 2891 1313 2989 ἦ

270 2988 459 3088 σκηνωτὴ,
501 2993 546 3069 οὐ
582 2993 762 3092 θεατρικὴ
793 2992 1016 3090 amprqrdiorf‘
1065 2997 1118 3068 At
1152 3004 1313 3088 praeter-

268 3115 378 3189 quam
411 3099 507 3190 quod
540 3098 632 3170 haee
665 3100 786 3192 opinio
818 3121 921 3169 mera
945 3100 1069 3169 nititur
1092 3099 1313 3188 oonieoture,

270 3217 386 3291 eaque
416 3201 479 3270 vel
509 3202 593 3271 ideo
626 3224 702 3271 non
734 3202 887 3293 optima,
925 3201 1021 3293 quod
1054 3202 1091 3270 in
1117 3203 1219 3290 loco,
1258 3202 1314 3272 sio

267 3302 447 3389 restituto,
468 3299 602 3374 'saltem
627 3298 677 3374 τὸ
702 3307 886 3396 πρῶτον
910 3304 971 3373 vel
997 3303 1113 3374 simile
1139 3304 1225 3396 quid
1250 3305 1312 3373 de·

353 3517 429 3602 141)
451 3519 580 3582 Analeot.
597 3519 660 3582 erit
681 3543 709 3602 p.
723 3527 764 3584 68
781 3539 824 3600 oq.
839 3551 883 3566 ·-·
905 3517 980 3599 142)
998 3520 1034 3580 de
1044 3519 1220 3602 blagirtratt,
1242 3520 1314 3602 reip.

268 3602 352 3665 Rom.
371 3604 392 3664 l.
414 3614 465 3667 40.
486 3638 530 3650 -
560 3605 654 3667 Affert
672 3606 812 3666 tirannus
837 3605 875 3665 ad
902 3606 1073 3685 probandam
1095 3625 1174 3666 auam
1195 3613 1312 3666 oenten-

270 3686 337 3746 tiem
359 3689 443 3748 etiem
464 3691 544 3750 aera
560 3693 668 3764 locun,
690 3711 771 3771 quem
788 3691 830 3750 aie
841 3691 969 3750 exbibet:
993 3691 1195 3772 „Togatorom
1208 3692 1313 3771 duplex

269 3791 378 3852 genus:
400 3783 610 3853 praetentorum
616 3821 626 3851 ,
652 3777 793 3835 boninum
814 3774 948 3856 fastigio,
970 3795 1042 3854 quae
1063 3775 1105 3834 sie
1126 3776 1311 3855 appellantur,

269 3859 344 3935 qnod
372 3859 450 3940 togis
476 3863 634 3940 praetextis
662 3861 859 3941 remppblioam
893 3859 1103 3919 administrent:
1137 3861 1313 3920 tabernaria·

269 3961 346 4016 rum,
375 3945 441 4024 quio
462 3945 620 4006 bominibus
641 3945 846 4007 excellentibus
867 3945 950 4004 etiem
969 3945 1089 4005 bumilee
1110 3945 1258 4024 permixti,
1280 3952 1314 4005 ut

269 4035 337 4087 runt
356 4029 506 4112 plagiarii,
533 4031 608 4092 sarri
636 4031 757 4110 deniqne
778 4037 808 4089 et
829 4049 974 4109 cauponae
995 4038 1026 4089 et
1046 4030 1172 4090 tabernis
1193 4031 1313 4090 bonerto

267 4115 408 4192 prodeant
428 4122 601 4196 persaepe.“
644 4117 726 4185 Quae
747 4114 835 4177 verbo
856 4115 995 4194 quomodo
1026 4115 1192 4187 ostendant,
1219 4115 1312 4175 taber-

268 4199 365 4260 nariae
386 4200 468 4261 initio
490 4222 507 4261 a
529 4203 640 4262 theatro
663 4201 770 4262 alienor
791 4199 891 4271 fuisse,
914 4200 1040 4279 equidem
1062 4219 1120 4260 non
1141 4199 1282 4282 intelligo.
