2940 4838
260 383 343 458 252

747 559 799 620 XL
1018 521 1034 574 t

345 676 509 737 Priscianus
523 675 562 735 X.
576 681 606 737 4.
621 682 671 738 2⁴.
688 698 716 756 p·
729 684 791 740 890
804 698 850 758 ap.
863 679 996 740 Panda:
1019 678 1179 752 „Seiudo
1201 679 1302 739 scidi.

264 761 452 822 Vetustissimi
472 769 564 821 tamen
592 760 676 822 stiam
705 762 859 823 seiseidi
885 763 1078 844 proferebant.
1099 797 1142 811 -
1167 763 1303 825 Afranius

264 866 343 908 more
364 847 480 927 antiquo
502 846 575 906 dixit
595 847 624 906 in
646 847 779 906 Homine:

532 988 581 1000 -
608 940 710 1020 Satis
734 949 893 1035 fortiter,
927 946 1079 1038 Paullo,
1113 949 1254 1021 vestras

316 1040 542 1121 Soiseidistr's
569 1052 716 1121 colun.“

266 1166 405 1227 Paullo.
438 1167 518 1228 libri
539 1167 692 1246 depravate
713 1167 827 1247 paulo.
856 1167 940 1226 Both.
962 1167 1053 1248 palo.

350 1369 453 1430 Omen
486 1367 608 1428 fabulam
639 1367 802 1447 inscriptam
833 1366 921 1427 tuisse
951 1367 1078 1428 censenti
1109 1369 1213 1428 Bothio
1250 1389 1309 1430 non

265 1473 378 1536 possum
395 1454 462 1533 quin
483 1454 651 1533 adstipuler‚
674 1472 756 1531 quum
780 1451 839 1513 lere
860 1453 974 1534 legatur
989 1452 1167 1524 ¹Afranius
1188 1454 1223 1513 in
1242 1455 1310 1514 llo-

266 1539 357 1598 mine
384 1537 535 1599 seeundum
557 1538 639 1598 medii
667 1537 729 1599 aevi
751 1538 1023 1617 pronuntiationem
1055 1538 1109 1597 etsi
1131 1539 1214 1598 aliter
1236 1539 1310 1598 iudi-

266 1642 373 1695 carem,
395 1623 420 1682 si
441 1621 627 1682 demonstrari
648 1628 759 1701 posset,
781 1643 876 1680 verum
898 1621 1004 1682 vidisse
1024 1622 1181 1704 lleringam
1204 1624 1310 1684 Obser-

265 1714 336 1769 uatt.
364 1708 426 1768 erit.
448 1707 558 1767 XXIX.
580 1729 607 1785 p.
621 1714 696 1778 257,
732 1725 815 1784 quum
837 1707 935 1765 incidit
956 1709 986 1765 in
1008 1707 1183 1786 opinionem,
1218 1706 1310 1768 fuisse

266 1791 387 1872 aliquam
407 1790 530 1851 fabulam
551 1793 704 1862 Graecam,
727 1810 799 1869 qnae
821 1791 955 1870 inscripta
976 1790 1062 1850 fuerit
1077 1785 1309 1872 Ἄνθρωπος.

266 1877 354 1954 Hadr.
376 1877 462 1936 Junio
484 1877 598 1936 lllenclr.
620 1883 728 1936 auctor.
752 1876 788 1935 ad
808 1876 882 1937 Non.
912 1897 939 1955 p.
958 1883 978 1936 4
1006 1876 1078 1937 adeo
1105 1877 1211 1956 placuit
1238 1877 1310 1937 illud

262 1961 431 2036 Homine,
467 1968 500 2020 ut
525 1980 582 2020 non
612 1961 716 2031 solnm,
752 1958 912 2038 ubieunque
941 1980 979 2019 ex
1009 1960 1128 2021 (lmine
1158 1961 1311 2022 afferretur

267 2045 378 2106 Afranii
404 2047 574 2117 auotoritas,
589 2046 656 2106 ¹rod
683 2044 766 2104 etiarn
795 2065 845 2123 pro
873 2044 1030 2107 Crimine
1056 2045 1098 2106 sie
1128 2047 1309 2106 scribendum

268 2136 392 2211 putaret.
436 2131 469 2189 ln
489 2129 657 2211 fragmentis
678 2149 795 2209 prorsus
816 2129 884 2188 nihil
906 2129 1005 2202 video,
1027 2130 1103 2209 quod
1117 2132 1153 2191 od
1170 2130 1310 2214 indegen-

269 2215 334 2275 dum
354 2213 464 2274 titulum
485 2213 581 2275 iaciat.
1200 2221 1203 2228 '

531 2441 543 2486 l

582 2551 992 2613 PANTALEUS.

357 2785 502 2848 Charisius
522 2787 544 2848 Ι.
566 2808 594 2866 p.
606 2791 647 2848 95
670 2807 715 2867 ap.
737 2727 869 2848 Pntdehm
899 2786 1059 2860 „Amboa
1101 2787 1261 2848 Terentius
1282 2787 1312 2848 in

271 2871 405 2952 Adelphis
428 2870 476 2952 (V.
497 2877 527 2933 9.
549 2869 599 2953 ⁵)²
629 2873 747 2953 Usque
774 2893 793 2932 a
818 2872 941 2954 pueris
962 2869 1086 2933 curavi
1114 2874 1233 2933 ambos
1261 2893 1312 2935 sa·

272 2958 366 3019 dulo.
392 2990 435 3003 —
465 2957 551 3036 ldqne
572 2956 707 3016 Helonius
732 2958 828 3016 Acron
854 2957 896 3017 sie
922 2963 1054 3036 oportere
1075 2957 1131 3016 diei
1156 2957 1186 3017 in
1214 2958 1313 3019 eadem
1430 2957 1434 2968 '

273 3040 406 3103 Terentii
426 3040 522 3101 fabula
543 3041 709 3119 disputavit,
731 3041 915 3120 Verriumqne
933 3041 1001 3100 dicit
1023 3061 1133 3113 errare,
1156 3042 1204 3120 qni
1220 3051 1310 3122 putat,

273 3129 328 3187 hon
355 3126 450 3186 ambo
480 3125 534 3185 diei
562 3126 673 3187 debere.
720 3125 918 3186 indifferenter
944 3133 1036 3185 antem
1058 3125 1167 3186 loautos
1188 3136 1311 3202 veteres,

273 3211 406 3273 uberiora
427 3210 566 3270 dabuntur
588 3210 724 3290 exempla.
766 3209 901 3271 Afranius
923 3210 951 3269 in
973 3210 1126 3270 Pantaleo:

324 3309 564 3386 contemnar
594 3328 697 3408 inquit,
724 3311 837 3382 Liber
861 3302 970 3382 initus
996 3317 1062 3382 est.
1112 3311 1172 3382 Ite
1197 3304 1312 3385 mdter

807 3465 811 3472 -
879 3414 957 3483 eius
984 3404 1078 3482 dn'xit

325 3514 370 3586 In
398 3504 541 3600 Gilia,
574 3534 681 3606 quum
707 3513 833 3584 ambos
859 3514 1061 3584 emerem.“
1086 3553 1137 3566 -

276 3635 498 3693 Contemnes.
524 3629 605 3689 Libri
618 3631 863 3691 =Contemnens
886 3627 1095 3712 (Contemnes).
1120 3631 1205 3691 Both.
1227 3631 1315 3690 Gon·

276 3717 417 3777 temnis.
437 3747 480 3762 -
501 3734 657 3775 emerem.
688 3716 774 3778 nota.
804 3723 886 3775 em'o.
909 3749 950 3763 -
979 3717 1100 3776 Gallie
1129 3715 1173 3774 hie
1203 3716 1315 3794 disylla-

277 3803 342 3862 bum
364 3805 423 3874 est3
442 3806 476 3861 nt
495 3799 624 3862 nudius
644 3800 786 3880 multaque
806 3800 878 3873 elio,
899 3799 943 3859 his
964 3800 1080 3876 similia,
1100 3799 1176 3861 laud
1195 3819 1272 3861 raro.

779 3953 815 4012 ll.

323 4121 325 4128 .
362 4067 506 4132 thamim
526 4069 641 4128 ibidem:
663 4071 760 4141 „ltem
780 4070 853 4132 idem
875 4068 1037 4132 troaden:

330 4171 406 4244 Sed
433 4193 539 4246 senos
565 4174 738 4244 ambos.“
764 4250 766 4258 ,
