2932 4842
1122 359 1197 453 tol

151 557 241 608 vero
283 542 384 609 caret
420 533 674 628 probabilitate
713 535 803 608 illud
810 587 822 626 ,
862 537 901 607 ln
939 535 1036 630 quod
1074 533 1200 610 incidit

155 635 334 711 Munkius
360 639 407 708 de
432 634 635 731 Pomponio
661 637 755 713 Bon.
780 659 816 731 p.
839 634 900 727 57,
939 637 1035 710 hunc
1060 644 1199 731 togata·

150 763 233 812 rum
272 740 484 832 scriptorem
522 740 714 812 Atellanas
756 761 899 833 quoquc
936 741 1196 831 composuisse.

151 841 248 916 Nam
273 843 400 933 procul
431 842 542 911 dubio
569 840 728 911 Titinius
762 849 845 912 ante
869 840 1111 933 Pomponium
1144 843 1197 912 vi·

151 947 225 1032 xit,
254 951 290 1014 et
310 944 343 1014 si
355 940 582 1033 Pomponius
597 943 848 1014 Atellanarum
871 944 1087 1015 artificiosae
1101 967 1197 1015 eom·

151 1045 342 1138 positionis
364 1047 501 1137 primus
527 1053 655 1117 auctor
676 1045 864 1117 habendus
891 1060 964 1132 est,
991 1053 1107 1137 patet,
1134 1069 1196 1116 nc·

151 1150 286 1220 minem
319 1155 402 1217 ante
435 1170 517 1218 eum
554 1148 732 1218 eiusmodi
765 1149 909 1220 fabulas
936 1149 1088 1238 scriptas
1123 1149 1196 1218 edi·

152 1251 262 1322 disse.
315 1245 472 1320 Omnino
499 1247 628 1319 Titinii
651 1251 826 1342 reliquiae
854 1250 904 1318 ita
937 1259 1021 1318 sunt
1052 1271 1197 1340 coropa-

151 1359 274 1437 ratae,
301 1357 342 1420 ut
360 1351 505 1422 fabulas
526 1358 670 1442 togatas
691 1358 828 1423 tantum
845 1351 1017 1442 prodant,
1044 1372 1197 1443 quarum

152 1453 426 1546 quatuordecim
455 1454 536 1524 fere
568 1452 687 1523 adhue
727 1461 919 1543 supersunt
956 1452 1061 1524 tituli.
1113 1450 1198 1522 Non

151 1555 336 1624 infelicem
361 1563 482 1624 autem
509 1577 591 1624 eum
617 1554 654 1622 in
679 1556 758 1624 istis
778 1555 913 1626 fabulis
938 1554 1197 1644 componendis

151 1658 268 1729 fuisse
288 1664 364 1726 tum
386 1655 547 1726 Serenus
571 1662 626 1726 est
646 1657 766 1741 testis,
793 1658 855 1749 qui
876 1678 939 1728 eas
960 1658 1078 1725 claras
1093 1656 1197 1742 dixit,

153 1769 230 1829 tum
257 1757 377 1827 Varro
403 1760 550 1847 probat,
591 1780 700 1849 quum
734 1760 768 1826 ei
792 1766 930 1828 tantum
959 1765 996 1828 et
1020 1756 1197 1827 Terentio

152 1858 249 1953 ἤθη,
274 1860 407 1944 idest,
441 1881 562 1930 mores
588 1861 658 1928 sibi
684 1868 909 1946 constantes,
937 1881 1084 1929 servare
1112 1883 1196 1929 oon·

153 1964 280 2056 tigisse
313 1961 447 2032 scribit.
504 1961 724 2053 Fragmenta
765 1962 843 2032 eius
883 1961 1056 2051 pauciora
1102 1968 1198 2047 sunt,

154 2087 261 2157 quam
294 2071 335 2133 ut
366 2063 450 2131 inde
475 2070 576 2131 certo
603 2063 765 2133 iudicare
790 2063 926 2153 possis,
966 2083 1074 2154 quam
1105 2062 1197 2132 felix

153 2166 326 2238 fueritin
353 2165 573 2256 argumentis
605 2166 841 2235 inveniendis.
894 2163 1101 2234 Sententias
1134 2186 1196 2233 au·

155 2257 227 2339 tem
267 2268 303 2336 in
335 2267 406 2336 illis
440 2267 559 2336 adhue
593 2269 783 2337 nonnullas
816 2267 1024 2357 reperimus.
1085 2265 1197 2342 tluod

155 2373 203 2442 ad
235 2391 440 2440 sermonem
474 2368 552 2438 eius
586 2379 622 2438 et
647 2378 761 2438 metra
787 2369 931 2454 attinet,
967 2367 1047 2458 plus
1074 2367 1197 2436 simili·

154 2472 288 2542 tudinis
315 2469 486 2539 habuisse
511 2471 655 2542 videtur
680 2493 762 2540 cum
787 2467 939 2555 Plauto,
983 2491 1090 2561 quam
1116 2490 1198 2538 cum

155 2573 368 2644 Terentio.'
395 2569 491 2642 Nam
516 2581 767 2664 praeterquam
793 2574 890 2663 quod
912 2572 1009 2662 apud
1029 2593 1110 2639 eum
1138 2572 1200 2639 ad·

155 2677 227 2746 huo
252 2677 357 2765 plura
390 2674 591 2764 antiquiora
624 2678 738 2748 verba
771 2682 806 2743 et
842 2675 1035 2742 verborum
1060 2673 1199 2743 formas

156 2773 376 2868 reperimus,
421 2777 529 2845 etiam
568 2779 604 2845 in
647 2776 753 2845 novis
792 2774 968 2865 fingendis
1008 2773 1199 2844 vocabulis

156 2899 288 2970 magna
314 2891 396 2946 cum
416 2878 592 2946 facilitate
618 2886 786 2948 versatus
810 2878 972 2964 videtur3
998 2882 1036 2944 et
1060 2877 1099 2944 in
1120 2896 1198 2966 lme-

156 2982 221 3050 tris
247 2978 463 3068 usurpandis
489 2980 663 3049 maiorem
696 2980 793 3069 apud
820 2999 920 3063 eum,
962 2998 1070 3069 quam
1103 2976 1200 3067 apud

159 3082 391 3165 Terentium,
432 3082 645 3150 varietatem
671 3079 982 3170 deprehendimus.
1033 3076 1113 3149 Nec
1145 3087 1200 3174 ta-

157 3206 240 3254 men
266 3205 410 3272 semper
435 3205 564 3252 versus
591 3181 719 3252 Titinii
746 3203 859 3273 aeque
886 3179 989 3270 politi
1014 3183 1199 3268 apparent,

160 3293 267 3377 atque
294 3281 518 3354 Terentiani.
572 3283 800 3375 Quamquam
826 3284 871 3351 de
896 3281 966 3350 hac
997 3301 1056 3365 re,
1092 3300 1202 3370 quum

110 3399 116 3412 '
157 3389 362 3477 fragmenta
386 3385 483 3455 illius
508 3391 563 3456 tot
589 3387 729 3477 experti
754 3385 826 3454 sint
851 3405 976 3469 casus,
1003 3381 1112 3450 hodie
1138 3380 1201 3450 vix

159 3495 258 3558 certo
294 3487 447 3556 iudicari
478 3495 607 3577 potest.
667 3486 785 3559 Porro
820 3485 927 3554 etiarn
960 3486 998 3553 in
1022 3483 1112 3552 iocis
1137 3481 1201 3550 fiu-

160 3587 287 3681 gendis
319 3610 392 3656 non
424 3587 575 3658 multum
602 3589 812 3659 discessisse
838 3588 981 3656 videtur
1007 3608 1029 3654 a
1054 3581 1201 3654 Plauto.

161 3690 236 3760 Sed
269 3691 315 3760 de
349 3689 426 3777 his,
465 3712 558 3782 quae
583 3699 764 3783 postrema
797 3689 972 3774 diximuS,
1011 3687 1203 3758 videantur

160 3794 241 3882 ipsa
266 3793 481 3884 fragmenta.
