2940 4838
1136 391 1219 469 255

173 576 241 634 Det.
261 574 316 633 Ka
355 575 424 646 „lte
456 591 537 652 mm
572 571 760 652 suspicionem
793 569 835 630 illi
865 571 1015 651 praeberet
1042 568 1219 645 insidiarum,

174 679 265 738 oeque
287 660 455 737 colloquium
475 659 538 719 eius
550 655 655 736 petivit
676 677 768 735 neque
788 656 817 714 iu
840 663 1020 734 conspectum
1037 655 1136 717 venire
1158 664 1218 716 stu·

175 745 274 803 duit‘·'
303 745 370 809 Qui
391 765 439 802 me
462 750 515 802 est
537 742 644 801 enimi
666 741 870 812 exercituo,
893 742 940 820 qui
964 759 1006 800 mo
1028 739 1112 800 ouini
1135 759 1219 800 exer·

175 830 247 900 cuit,
277 836 310 886 ut
331 829 455 907 explicet
474 827 646 896 Memmius,
676 827 827 886 nonnullus
853 827 957 885 similes
979 827 1057 884 locos
1085 824 1218 897 efferent,

175 915 204 972 id
232 921 290 1002 este
322 913 370 992 qui
396 913 509 972 multum
537 910 724 992 aegritudinis
751 911 817 969 mihi
838 911 942 970 attulit.
986 910 1031 970 el.
1053 909 1150 970 Plauti
1176 910 1219 973 iu·

174 1009 267 1078 terpp.
289 997 326 1058 ed
348 998 499 1058 distulit.
524 1006 552 1058 1.
580 1005 630 1058 oo

682 1131 718 1190 ll.

261 1250 370 1309 Nonius
382 1272 409 1330 p.
420 1257 459 1311 39
477 1250 520 1308 ed.
533 1249 636 1309 llere:
659 1247 805 1322 „Ordiri
827 1256 872 1312 est
885 1269 1000 1329 ponere,
1023 1248 1158 1330 incipere.
1175 1283 1218 1296 —

176 1335 310 1396 Afranius
331 1335 359 1393 iu
382 1336 536 1414 suspectat

228 1419 371 1494 Tamen
402 1444 460 1494 me
494 1411 614 1492 dnimo
649 1419 760 1489 ordiri
794 1411 937 1510 0p6otet
963 1419 1085 1511 paullo
1112 1419 1219 1515 *paol-

782 1521 947 1592 luluw

178 1623 362 1690 ordiri-
384 1621 506 1683 ordiri.
538 1622 611 1682 Cod.
631 1621 856 1700 Goelph.llere.
880 1621 1218 1696 ordire-ordinm
1271 1649 1274 1654 ·

177 1709 244 1767 lieet
266 1709 366 1766 ibidem
388 1727 426 1768 ex
440 1707 519 1765 Attio
542 1707 691 1765 offeretur:
713 1706 788 1764 Non
810 1727 950 1785 parvum
972 1727 1039 1766 rem
1061 1708 1218 1768 ordibor.

177 1794 248 1852 Veu.
271 1793 293 1850 l.
308 1793 344 1851 ll.
370 1793 434 1850 Ald.
457 1790 633 1851 ordiri-
650 1791 786 1863 ordire3
807 1792 882 1870 quod
903 1791 976 1850 idem
995 1791 1050 1851 fuit
1071 1791 1100 1851 iu
1122 1812 1218 1852 exem·

197 1878 264 1949 luri,
297 1896 352 1956 quo
380 1878 540 1955 Stephanus
567 1895 637 1934 otus
666 1882 719 1934 est.
751 1909 793 1920 -
825 1877 1009 1954 Suspecta.
1037 1875 1107 1935 Veu.
1136 1877 1158 1936 l.
1181 1879 1217 1937 ll.

175 1900 246 2022 l’on
275 1963 460 2042 Suspeeto.
490 1992 533 2004 -
567 1981 616 2019 me
647 1961 709 2018 cod.
742 1961 861 2040 Guelph.
892 1962 980 2020 llere.
1012 1969 1121 2041 pouuut
1151 1969 1219 2041 post

179 2053 338 2127 oportet3
361 2045 466 2106 caeteri
486 2051 554 2106 oute
576 2051 729 2124 oportet.
772 2046 909 2106 Neutrum
929 2046 1024 2106 versui
1045 2054 1141 2126 aptum
1163 2053 1217 2107 est.

178 2132 312 2192 Bothius:

353 2247 396 2263 «-
417 2215 550 2274 ’l'umou
570 2214 689 2273 animo
710 2231 760 2272 me
782 2213 907 2274 ordire
930 2219 1078 2293 oportet
1097 2236 1125 2295 p.
1147 2235 1175 2294 p.

178 2300 308 2360 Poullo
328 2300 534 2379 paullulum,
566 2299 620 2359 hoe
641 2305 699 2369 est,
721 2319 809 2377 parvo
829 2319 960 2378 pervum,
982 2306 1015 2358 ut
1036 2299 1077 2359 oit
1097 2300 1217 2361 llothius

179 2406 241 2450 otuu
261 2385 402 2446 Polmerio
423 2384 452 2444 iu
474 2383 626 2466 spicileg„
654 2384 736 2444 Grut.
758 2384 848 2444 Thes.
870 2385 933 2444 erit.
955 2383 1055 2444 dxlv,
1075 2393 1189 2464 p.691.

668 2518 718 2577 ΙΙΙ.

263 2636 371 2696 Nonius
392 2657 419 2715 p.
437 2643 496 2697 103
519 2635 563 2695 ed.
584 2637 689 2696 Mero:
717 2635 960 2709 „llxtrorium
983 2635 1063 2715 quasi
1084 2637 1214 2699 alienum.

179 2720 314 2782 Afranius
335 2721 364 2780 io
386 2722 539 2800 Suspecta:

229 2821 280 2894 Ut
300 2845 358 2893 me
379 2823 459 2895 esse
481 2821 669 2894 inhaere
690 2823 798 2894 ddeot
818 2823 884 2894 abs
911 2828 948 2894 te
975 2825 1216 2898 extrdrium.“

179 2942 296 3002 ducet.
324 2941 394 3002 Veu.
415 2941 438 3002 l.
460 2941 496 3004 ΙΙ.
523 2940 590 3004 Pur.
611 2940 745 3000 ductet.
1074 2935 1076 2942 ’

675 3073 723 3134 lV.

264 3193 372 3253 Nonius
393 3199 494 3272 p.174
516 3193 560 3251 ed.
581 3193 685 3252 llere:
718 3179 963 3264 „Suuotitudo
988 3213 1041 3273 pru
1068 3166 1223 3256 nonnulle

180 3313 223 3326 -
244 3278 378 3338 Afranius
400 3278 429 3336 iu
441 3275 604 3357 'Suspeetot

232 3363 353 3434 Tuom
381 3354 607 3434 mdiestatem
632 3367 667 3432 et
692 3360 847 3482 miminis
874 3360 1058 3432 matronae
1085 3364 1217 3434 saneti·

784 3463 955 3534 tudinem.
965 3471 989 3507 ‘⁶

676 3615 711 3673 V.

254 3693 373 3794 'uoltus
399 3754 427 3813 p.
447 3732 507 3796 185
529 3733 574 3792 eu.
596 3733 699 3792 uoce
729 3731 920 3804 „Villicari
947 3740 992 3794 est
1015 3735 1148 3796 nummi
1171 3736 1217 3798 vo

181 3818 264 3882 uilloe
284 3838 427 3898 proeeose.
448 3853 491 3863 -
512 3817 646 3878 Afranius
668 3817 696 3875 in
719 3817 871 3896 Suspecta:

230 3903 276 3975 Iu
297 3896 460 3995 Arpioos
480 3905 571 3991 iam,
605 3905 776 3996 quantum
796 3901 910 3993 potis,
938 3905 1129 3994 explodam
1150 3897 1217 3976 hd·

761 4005 911 4091 minem,
944 4013 984 4076 ut
1003 4008 1218 4079 vidueturf‘

179 4121 342 4200 Arpinus.
379 4123 449 4181 (lod.
472 4120 791 4200 Guelph.luorpinot.
829 4124 916 4183 Mero.
944 4123 1111 4203 (lrpiooe.
1144 4125 1217 4185 Veu.

178 4206 202 4265 l.
231 4207 412 4285 herpinus.
439 4241 480 4252 -
508 4205 614 4286 potis.
657 4206 738 4266 Libri
758 4213 872 4287 poten.
901 4209 968 4268 Juu.
992 4207 1095 4286 aliique
1121 4216 1216 4288 pote.
