2932 4842
1052 405 1054 408 ·
1130 360 1203 455 idi

655 554 703 616 vr.

242 671 406 734 Priscianus
420 671 481 733 vu.
505 679 555 736 12.
577 679 628 734 60.
652 694 681 752 p.
696 677 759 734 762
783 691 828 750 ap.
850 667 983 729 Puteola:
1006 667 1206 742 „Veteres-

155 755 320 818 huiusmodi
346 757 461 817 nomina
489 753 675 836 (Arpinas,
703 752 886 836 Capenas)
909 754 938 814 in
961 753 992 813 is
1013 751 1205 834 proferebant,

155 843 216 902 hic
239 851 269 902 et
290 844 381 902 lraoo
402 841 595 922 Arpinatis
618 843 758 915 dicentes3
781 841 857 900 undo
879 845 1010 899 neutrum
1031 839 1205 919 lrocArpi-

154 933 250 987 nate.
272 962 313 972 -
337 928 421 993 Quod
449 933 543 987 autem
575 947 627 1006 per
654 946 805 1006 syncopam
832 925 902 984 lraec
925 920 1124 1004 (Capenas,
1145 925 1206 983 Ar·
1262 937 1266 947 “

156 1013 281 1092 pinos,
308 1012 465 1088 Ardcasl
489 1010 686 1091 proferuntur,
708 1010 963 1072 vetustissimorum
984 1027 1053 1069 usus
1074 1029 1205 1089 compro-

154 1097 216 1158 bat.
238 1129 282 1140 -
308 1097 436 1155 Titinius
458 1097 485 1156 in
509 1097 647 1156 Psaltria:
795 1103 797 1107 '

208 1172 451 1252 Ferentinatls
477 1175 633 1272 pdpnlus
658 1203 718 1252 ros
738 1169 913 1253 ‘Graecas
939 1179 1098 1250 studet.“

157 1282 236 1342 idem
263 1271 428 1342 Priscianus
447 1285 493 1342 lV.
512 1289 543 1342 4.
560 1290 611 1345 21.
639 1305 666 1362 p.
685 1290 746 1344 629
768 1302 814 1362 ap.
836 1281 968 1340 Porsen:
999 1278 1154 1352 „Titinius
1177 1277 1206 1337 in

158 1367 300 1427 Psaltria:
333 1368 588 1428 Ferentinatis
618 1369 772 1447 populus
812 1368 950 1428 Graeca
982 1366 1120 1436 studet,
1153 1384 1205 1443 pro

157 1452 409 1514 Ferentinas.“
453 1453 538 1513 Prius
565 1454 725 1532 exscriptus
753 1453 847 1524 locus,
880 1451 905 1511 si
936 1457 1053 1512 nauum
1083 1457 1205 1530 spectes,

158 1556 231 1599 vora
249 1537 375 1617 praebet.

568 1685 797 1698 m

245 1806 291 1866 Ad
311 1803 415 1887 fragm.
434 1806 483 1866 lll.
505 1805 633 1878 vidimus,
657 1805 785 1877 eundem,
806 1811 839 1864 ut
859 1803 1097 1874 simileostvcro,
1115 1801 1207 1862 locum

161 1912 180 1952 a
206 1891 300 1951 Nonio
326 1891 437 1951 laudari
465 1911 502 1950 ax
529 1891 653 1951 Psaltria
680 1891 800 1962 Titinii,
832 1889 1019 1949 aPrisciano
1042 1909 1079 1948 ex
1100 1889 1207 1948 Feren-

161 1977 245 2036 tinati
266 1977 390 2038 eiusdem
412 1983 530 2054 potitae,
552 1977 672 2056 indeque
694 1975 824 2035 Botlrium
846 1974 1012 2055 collegisse,
1034 1993 1118 2034 unam
1140 1992 1208 2032 ean·

162 2062 280 2140 demque
303 2062 374 2120 hanc
395 2060 485 2120 fuisse
507 2060 644 2132 fabulam,
667 2061 770 2139 duplici
792 2061 904 2118 nominc
924 2057 1098 2137 inscriptum.
1132 2058 1207 2115 Con-

161 2145 292 2205 firmatur
314 2146 420 2225 opinio,
443 2166 499 2204 non
522 2147 592 2204 duas
613 2146 664 2204 lias
685 2144 795 2204 fabulas
816 2143 914 2215 finisse,
938 2143 1021 2202 etiam
1043 2142 1146 2223 fragm.
1159 2142 1208 2201 vl.

161 2232 265 2290 Veram
292 2241 385 2291 autem
411 2231 622 2310 inscriptionem
644 2250 702 2289 non
724 2229 948 2299 Ferentinatcm,
982 2229 1034 2286 sad
1055 2226 1208 2286 Psaltriam

163 2335 242 2387 esse,
270 2315 355 2376 facile
383 2317 516 2376 evincunt
546 2315 631 2374 Nonii
653 2322 683 2374 et
703 2314 843 2373 Prisciani
865 2314 920 2372 loci
940 2313 1014 2371 inter
1036 2333 1068 2372 se
1089 2331 1208 2370 consen·

163 2401 277 2460 tientes.
321 2401 425 2460 Parum
446 2401 536 2482 igitur
557 2408 690 2460 accurate
710 2399 889 2469 Priscianus,
919 2417 1002 2476 quum
1024 2396 1142 2476 psaltria
1162 2417 1208 2456 re-

163 2491 347 2565 praesentata
368 2486 536 2544 Ferentinas
557 2484 730 2566 fingeretur,
758 2503 815 2542 uno
844 2483 908 2543 loco
934 2480 1057 2541 fabulam
1078 2481 1208 2540 Forenti-

164 2571 241 2630 natis
269 2571 383 2629 nomine
410 2571 569 2650 appellavit.
613 2570 675 2628 Nisi
698 2568 774 2628 forto
795 2588 857 2628 cum
880 2568 1082 2646 christophoro
1105 2565 1208 2626 Wasio

165 2662 194 2716 et
214 2655 345 2714 Fabricio
367 2655 441 2714 Bibl.
455 2655 523 2714 Lot.
537 2655 584 2715 Ν.
603 2665 618 2716 1
644 2675 705 2715 eam
724 2653 995 2714 Ferentinatom
1012 2651 1208 2712 Psaltriam

164 2739 329 2819 inscriptam
356 2739 445 2800 fuisse
472 2747 598 2800 statuere
624 2740 677 2801 vis.
720 2740 870 2799 Caeterum
903 2757 941 2798 ex
962 2736 1060 2817 paucis
1080 2736 1209 2815 reliquiis

164 2825 286 2906 intelligi
313 2844 398 2904 posse
424 2825 552 2897 videtur,
579 2825 607 2884 in
635 2826 689 2884 hac
720 2831 822 2906 togata
849 2824 992 2883 celebrata
1022 2841 1086 2882 esse
1116 2841 1208 2893 sacra,

164 2909 212 2968 ubi
234 2930 272 2968 ex
294 2929 371 2969 more
384 2911 512 2969 Romano
535 2910 754 2970 convivarentur
775 2914 805 2968 et
825 2908 943 2988 psaltria
963 2906 1065 2966 fidibus
1082 2911 1209 2966 caneret.

164 2995 209 3053 Ad
230 2994 333 3076 fragm.
350 2995 384 3054 V.
412 2995 531 3054 Botlrius
553 2995 713 3055 annotavit:
737 2992 943 3075 „significatur
964 3013 1025 3050 mos
1047 2990 1209 3050 sacrifican-
1304 3011 1320 3027 o

166 3079 249 3137 tium:
286 3079 341 3139 vid.
370 3081 451 3141 Serv.
481 3081 517 3139 ad
538 3082 610 3139 Aen.
629 3089 658 3151 3,
681 3086 753 3152 407,
782 3085 859 3150 645,
888 3077 1014 3158 Sclrcgk.
1048 3076 1208 3135 Praeness.

166 3163 247 3242 epist.
268 3171 318 3236 10,
339 3165 423 3224 Pacis
445 3171 500 3225 art.
516 3170 545 3226 4.
567 3187 595 3244 p.
611 3173 682 3238 907,
705 3168 797 3238 etc.;“
821 3163 896 3242 quod
913 3163 948 3222 ad
962 3162 1053 3222 locum
1065 3160 1209 3241 pertineto

166 3256 243 3328 puto,
267 3249 322 3309 etsi
342 3267 453 3311 vorsum
475 3249 558 3310 aliter
579 3249 723 3310 constitui.

587 3401 790 3412 w

533 3536 842 3595 PYRRHlA.

250 3807 666 3886 Noniusp.71ed.Merc.:
705 3807 964 3879 „Ancillantur
994 3823 1045 3882 pro
1073 3801 1209 3864 serviunt.
1258 3820 1260 3824 ’

168 3891 294 3951 Titinius
316 3893 345 3951 in
366 3892 495 3952 Proelia:

867 4018 918 4028 --
943 3943 1081 4044 Vdrum
1108 3972 1203 4042 enim

241 4077 399 4150 Ddtibus
426 4080 570 4148 deleniti
596 4081 692 4149 ultro
720 4080 829 4149 etiam
856 4069 1054 4148 uxdribus'

241 4172 518 4251 ‘Ancillantdr.“
544 4223 595 4232 --
