2938 4848
263 366 317 444 74

261 540 339 620 loqui
359 539 470 603 videtur
490 541 605 615 loven,
627 549 737 622 petuam
747 543 865 616 Martis,
886 546 935 624 qui
955 552 1057 606 uetur
1077 547 1232 608 habolam
1253 568 1309 632 ge-

262 625 340 687 neris
360 625 492 687 Romani.

263 964 270 980 ⁹
311 878 454 1024 l›lllplnius
475 900 503 960 p.
515 884 578 942 507
600 881 644 940 ed.
665 881 769 941 llere:
797 882 924 956 „Nivit
944 903 997 962 pro
1019 883 1122 966 ningit.
1165 883 1311 946 Pacuuius

261 985 291 1024 ιι
338 985 356 1024 a
395 984 429 1022 o:

338 1048 510 1142 Sagn'ttis,
536 1050 684 1141 plumbo
715 1057 751 1120 ct
768 1052 869 1122 ,saxis
891 1053 1093 1144 grandinat,
1119 1052 1256 1123 nivit.“

757 1219 806 1278 lll.

347 1337 456 1397 Nonius
477 1359 504 1417 p.
519 1341 582 1398 510
604 1337 649 1397 ed.
671 1338 776 1398 illene:
803 1337 959 1410 „Celere
985 1357 1038 1416 pro
1066 1338 1206 1399 celeriter.
1249 1338 1309 1398 Pa-

261 1423 360 1484 cuvius
381 1423 410 1482 io
430 1422 547 1482 Paullo:

362 1506 469 1580 Nune
494 1508 567 1576 tete
594 1509 775 1594 obtestor,
809 1507 927 1577 celere
952 1514 1080 1580 sancto
1101 1510 1257 1581 subveni

364 1607 562 1680 Censori.“
587 1649 637 1660 -·-

262 1711 454 1771 Pacuvius
498 1710 548 1769 Sic
570 1709 637 1768 lun.
657 1728 766 1790 marg„
787 1708 855 1768 item
876 1708 937 1768 Jos.
959 1709 1092 1790 Scaliger
1111 1710 1149 1770 ad
1165 1711 1247 1771 Van.
1270 1713 1308 1772 de

261 1797 298 1856 L.
320 1795 357 1857 L.
379 1796 426 1854 vl.
449 1817 476 1874 p.
494 1803 534 1857 68
562 1794 606 1854 ed.
633 1794 802 1854 Durdreclut.
830 1800 860 1853 et
887 1793 1012 1853 Delrius.
1034 1795 1104 1854 Ven.
1125 1796 1147 1857 l.
1170 1797 1206 1854 ll.
1239 1796 1309 1857 Par.

261 1881 350 1942 Mese.
372 1881 515 1941 Novius.
557 1879 621 1939 dld.
649 1880 717 1938 llos.
745 1880 844 1958 Steph.
872 1878 939 1938 Jun.
968 1880 1135 1940 Naevius.
1184 1882 1307 1940 Botlnius

260 1967 354 2028 Novio
375 1965 528 2028 vindicavit
541 1965 670 2025 Paullum
690 1964 821 2024 fabulam.
865 1965 922 2024 Sed
945 1963 1007 2044 ipsa
1027 1967 1115 2025 verba
1136 1967 1223 2025 allatu
1241 1987 1309 2044 pro-

262 2053 331 2112 dero
351 2051 483 2114 videntur
504 2057 726 2129 praetextatam,
748 2068 886 2129 quumque
908 2070 946 2108 ex
968 2050 1044 2109 nullo
1067 2051 1124 2110 alio
1145 2051 1210 2110 leco
1232 2053 1307 2112 veri·

261 2138 352 2197 siunile
373 2137 427 2210 sit,
458 2135 576 2196 Novium
599 2135 757 2194 huiusmodi
777 2133 888 2194 fabulas
909 2135 1074 2214 scripsisse,
1106 2144 1137 2195 et
1152 2137 1310 2197 Pacuvium

261 2222 391 2282 Paullum
417 2220 611 2300 composuisse
636 2227 764 2292 constet,
795 2239 851 2278 non
880 2220 993 2291 dubito,
1026 2221 1092 2300 quin
1119 2222 1169 2281 illa
1195 2240 1309 2301 quoque

260 2308 326 2368 laiac
347 2313 440 2367 tracta
457 2306 528 2365 sint.
572 2306 657 2372 Quod
684 2306 803 2364 Botlnius
826 2305 949 2365 Comicc.
971 2305 1037 2365 Lat.
1066 2305 1196 2388 fragmen.
1219 2328 1246 2385 p.
1264 2311 1307 2368 45

261 2392 377 2464 statuit,
410 2391 495 2452 Nouii
516 2391 645 2451 Paullum
671 2391 885 2472 intelligendum
912 2409 976 2449 esse
997 2390 1033 2450 L.
1054 2391 1201 2450 Aemilium
1222 2392 1310 2451 Paul·

261 2479 318 2540 lum
338 2477 567 2548 ldaeedonicnn,
601 2475 779 2554 fabulamque
804 2474 893 2536 fuisse
914 2475 1130 2536 Rhiotlnonioam
1151 2476 1212 2537 sive
1238 2473 1310 2536 iiu-

262 2559 489 2646 ροπραγῳδιάν,
520 2561 550 2620 id
576 2563 622 2623 vel
648 2561 712 2620 ideo
734 2560 848 2640 probari
874 2580 931 2618 non
959 2569 1069 2639 potest,
1098 2562 1174 2640 quod
1194 2561 1310 2622 aliunde

263 2667 321 2707 non
349 2652 480 2717 constat,
514 2666 580 2704 ιιιιιιι
608 2646 721 2705 omnino
748 2644 856 2705 suerint
876 2646 1084 2706 Rlainthonieee
1110 2653 1237 2728 togatae.
1266 2679 1310 2694 ·-

262 2733 361 2793 Nunc
390 2737 478 2791 tete.
533 2731 627 2813 Vulgo
654 2731 751 2790 Nune
778 2737 829 2802 te,
864 2732 940 2808 quod
971 2732 1067 2792 versui
1098 2751 1156 2790 noo
1189 2729 1307 2791 sufficit.

260 2818 411 2899 Scaliger,
443 2814 575 2888 llehius,
608 2816 729 2875 Bollnius
761 2815 859 2875 Nunc
888 2816 956 2876 ted.
980 2849 1026 2862 ·-
1051 2823 1192 2876 sancto.
1239 2817 1308 2877 dun.

261 2901 374 2964 fecto.
395 2933 438 2950 »-
459 2902 614 2962 consoni.
646 2902 717 2962 ven.
734 2901 756 2960 l.
774 2901 810 2959 ll.
838 2900 906 2962 Par.
928 2921 1090 2962 censore.
1112 2901 1310 2982 -Scaliger

261 2996 293 3049 et
313 2985 427 3049 Delsius
447 2987 519 3048 laaec
540 2987 749 3048 ooniuoxmt
770 3005 831 3046 cum
852 2983 957 3068 fragm.
977 2987 999 3046 l.
1042 2989 1178 3047 Fortasse
1198 2995 1286 3048 reete

759 3139 809 3200 lV.

348 3259 513 3320 Priscianus
535 3259 583 3319 Vl.
607 3269 635 3320 1.
650 3269 679 3320 3.
702 3282 729 3339 p.
746 3267 810 3322 677
829 3279 874 3339 ap.
898 3259 1030 3318 Pelodes
1058 3259 1144 3333 „Nec
1164 3278 1223 3318 non
1244 3277 1309 3318 cae-

263 3355 329 3407 tera
349 3345 477 3405 similiter
498 3365 516 3405 a
538 3364 646 3426 geuene
667 3345 824 3424 composita
845 3344 1042 3424 proferebant:
1076 3344 1308 3425 caprigenus,

265 3431 498 3512 terrigenas,
519 3430 757 3511 tauriganus3
779 3429 863 3508 idque
878 3449 949 3490 usus
967 3427 1124 3489 confirmat.
1167 3429 1309 3490 Pacuvius

265 3517 295 3576 iu
316 3517 433 3576 Paullo:

293 3625 296 3632 ¹
342 3589 347 3606 '
393 3599 802 3680 Quaeviocaprigeno
831 3599 960 3680 generi
987 3599 1309 3680 gradibilisgres·

774 3683 828 3743 sio
855 3688 944 3743 est.“

267 3771 317 3832 Sic
336 3770 439 3851 vulgo,
460 3769 608 3849 deperdito
630 3768 742 3847 quidem
762 3775 861 3829 metro.
903 3768 1038 3827 Krelnlius
1059 3789 1111 3848 pro
1133 3767 1231 3833 Quae
1253 3768 1310 3828 vin

267 3878 305 3918 ex
332 3875 389 3914 uno
416 3854 479 3914 cod.
507 3854 594 3913 edidit
620 3854 697 3920 Qua
724 3854 791 3915 via.
834 3855 910 3913 ldem
932 3853 960 3912 in
982 3853 1072 3913 tribus
1093 3853 1156 3912 aliis
1178 3853 1258 3912 codd.
1281 3859 1311 3911 et

267 3941 331 4003 edd.
353 3941 424 4000 Vsu.
445 3940 554 4020 reperit
581 3939 640 4018 qui
660 3939 742 3999 avia
762 3941 806 4000 vel
832 3940 917 4018 quie
937 3939 1009 4010 via,
1042 3939 1118 4016 quod
1138 3937 1167 3996 in
1189 3945 1310 4016 quatuor

267 4027 347 4088 liluis
377 4046 444 4086 ιιιιιι.
479 4045 543 4085 asse
573 4030 696 4085 uanus
726 4025 811 4084 eliam
844 4025 967 4085 Dellius
1016 4024 1074 4082 Pro
1108 4022 1311 4104 gradibilis

269 4113 431 4192 Stephanus
452 4112 538 4171 habat
559 4110 732 4192 gradibus
760 4131 799 4172 ex
819 4110 936 4189 antiquo
957 4109 1089 4169 editione.
1132 4109 1190 4167 Pro
1213 4125 1311 4189 gres·

271 4199 326 4258 sio
355 4204 413 4259 est
438 4215 511 4258 uuus
538 4196 601 4256 cod.
629 4195 744 4256 exhibet
771 4196 981 4279 pressione,
1013 4193 1090 4274 quod
1116 4191 1190 4253 salsa
1215 4199 1311 4252 orlon
