2932 4842
267 365 349 444 150

269 541 307 602 ad
332 538 407 618 quod
436 529 578 600 annerum
609 533 788 596 referendum
815 540 958 614 putarent.
1006 533 1109 594 Festa
1130 538 1224 592 anton
1244 551 1309 610 pro·

272 631 370 707 pterea
395 622 560 684 vocabulum
587 619 709 682 fabula
735 620 878 682 addidisse
903 619 1030 690 videtur,
1062 617 1182 696 nequis
1203 615 1309 676 Titinii

270 707 466 772 auctoritatem
487 727 527 766 ex
547 706 618 767 libro
641 705 737 785 quinto
760 701 857 764 aufferri
878 701 1052 784 opinaretur.
1089 730 1091 740 ¹

352 793 471 860 Qualem
491 811 639 870 personam
665 791 711 851 hio
732 797 848 870 gereret
868 789 925 849 iste
944 788 1085 858 Quintus,
1121 807 1159 848 ex
1181 785 1307 864 reliquiis

268 899 327 940 non
354 884 485 957 apparetr
515 884 583 955 puto
606 883 697 936 umen
726 894 826 934 nomon
853 894 918 934 osse
938 877 1096 954 proprium,
1128 892 1185 931 non
1215 891 1310 932 nunne-

267 965 338 1027 rnle.
381 963 426 1022 ax
446 960 548 1042 fragm.
571 960 636 1032 lll.,
667 960 803 1040 siquidem
828 979 923 1020 versun
944 959 1093 1019 lodtionens
1120 957 1243 1036 amplexi
1264 975 1309 1015 au·

265 1043 346 1119 inus,
373 1045 557 1128 intelligitur,
585 1045 647 1106 seni
663 1046 783 1125 puellam
804 1064 868 1106 esso
889 1045 1072 1122 desponsam,
1095 1061 1167 1120 quaa
1189 1041 1243 1102 inm
1266 1059 1309 1100 es·

270 1138 316 1192 sot
349 1151 455 1210 sponsa
485 1131 571 1202 alius,
608 1130 681 1188 haud
713 1130 796 1188 dalaia
832 1129 950 1188 alieuius
980 1128 1180 1188 adnleseentia.
1233 1127 1310 1186 liaeo

253 1217 363 1296 ¹puella
384 1215 495 1275 videtur
516 1215 699 1293 pronuntiare
720 1212 823 1295 fragm.
838 1215 876 1284 l.,
899 1233 982 1292 quum
1003 1221 1093 1271 mater
1107 1209 1309 1291 significasset,

270 1321 333 1361 eam
359 1300 421 1358 seni
447 1300 476 1357 iu
504 1299 708 1358 matrimonium
736 1300 830 1358 datum
858 1299 901 1357 iri.
951 1298 1065 1357 Summa
1087 1297 1176 1376 igitur
1197 1295 1311 1354 fabulae

186 1415 187 1422 κ
270 1385 363 1466 posita
382 1383 469 1444 suerit
490 1383 520 1443 in
541 1382 677 1455 fallaciis,
705 1384 804 1462 quibus
826 1383 960 1463 puellam,
989 1381 1052 1442 serni
1073 1388 1212 1459 ereptam,
1243 1381 1310 1438 ado-

270 1469 389 1532 lescenti
411 1469 570 1541 traderent3
592 1488 648 1548 qua
668 1467 698 1530 in
718 1489 752 1530 re
773 1468 923 1548 praecipue
943 1466 1097 1546 parasitum
1118 1484 1172 1524 sua
1191 1463 1311 1544 praesti·

270 1554 341 1614 tisse
362 1553 499 1633 colligere
519 1553 585 1612 licet
606 1573 643 1611 ex
665 1551 767 1633 fragm.
790 1553 827 1612 ll.
874 1553 917 1614 Aa
938 1552 1063 1612 sorttsse
1083 1551 1119 1610 alr
1140 1549 1202 1611 eius
1223 1549 1311 1620 uomi-

269 1659 307 1698 ne
327 1637 443 1698 sobnae
463 1637 561 1714 titulus
582 1637 688 1717 petitus
709 1644 762 1696 est

674 1845 903 1860 m—

632 1983 1010 2085 surra-ss

670 2173 675 2180 .
779 2176 803 2237 L

325 2289 463 2358 ,Nouius
485 2313 513 2372 p.
533 2279 571 2354 19
594 2293 639 2354 ed.
660 2293 764 2354 More:
797 2293 956 2366 „Trnam
987 2299 1100 2354 veteres
1131 2312 1149 2351 a
1181 2293 1309 2366 terendo,

270 2395 352 2456 quam
373 2397 426 2436 uos
448 2377 612 2438 diminutivo
634 2379 745 2438 trullam
766 2379 901 2451 dicimus,
929 2379 1065 2458 appellari
1085 2378 1246 2439 voluerunt.
1268 2407 1310 2423 -·

194 2547 196 2554 Α
270 2461 398 2521 Titinius
419 2461 448 2519 in
470 2462 585 2520 Setino:
808 2526 810 2530 ,

321 2552 511 2652 Sapidntia
535 2565 754 2658 gubernetur
778 2586 909 2737 uppqm
929 2554 1091 2658 torquet,
1125 2562 1224 2634 haud
1246 2585 1309 2633 va·

319 2759 442 2835 Coeus
467 2768 635 2857 meguum
661 2687 1006 2858 ahenumlindsliudo
1030 2766 1158 2853 fervit,
1185 2757 1310 2857 padlla

798 2860 963 2940 eoufutrit
987 2875 1106 2939 trua.“

270 2998 393 3042 navem
425 2987 583 3061 torquet.
626 2983 750 3066 Legitur
779 2992 927 3066 torquet
956 3006 1076 3047 navem
1103 2985 1132 3044 in
1153 2984 1217 3044 edd.
1240 2985 1308 3044 Juu.

207 3083 212 3091 ·
272 3071 302 3124 et
321 3065 427 3137 llere,
454 3085 526 3145 quae
547 3069 625 3129 solae
647 3070 691 3130 hio
713 3077 800 3130 totum
822 3073 926 3130 habent
943 3071 1043 3130 locum.
1088 3072 1119 3130 ln
1142 3069 1308 3149 antiquiori-

270 3149 324 3208 bus
351 3151 413 3210 edd.
443 3157 473 3210 et
493 3152 556 3212 eod.
579 3155 697 3235 Gnelplr.
719 3156 807 3216 verlra
833 3156 1122 3237 gubernator-
1143 3154 1310 3215 valentia

272 3233 467 3294 desiderantur
488 3237 542 3296 hoe
563 3236 635 3298 loeo.
657 3273 699 3286 -
720 3240 794 3299 Non.
816 3263 843 3321 p.
856 3244 932 3301 502:
961 3239 1112 3312 „Fervit
1133 3259 1184 3318 pro
1205 3238 1306 3300 fervet.

276 3351 314 3368 -·
335 3319 462 3380 Titinius
488 3321 518 3380 in
539 3323 652 3386 Setius:
685 3324 717 3382 S.
745 3347 777 3406 g.
808 3345 929 3387 *ravam
959 3331 1121 3404 torquet,
1152 3344 1222 3382 uon
1253 3343 1308 3384 va·

271 3402 402 3477 lentia3
434 3406 576 3466 (loeus“
605 3413 659 3471 ote.
689 3441 731 3456 -·
766 3415 884 3473 aaron
916 3416 1073 3488 torquet.
1114 3408 1182 3468 lun.
1217 3407 1306 3469 llere.

271 3492 419 3572 torquet
445 3509 577 3554 navem.
599 3525 641 3538 -
668 3513 746 3556 non.
776 3495 842 3554 Jun.
865 3515 955 3576 marg.
977 3495 1078 3554 haud.
1109 3525 1151 3538 -
1181 3493 1256 3554 Non.
1277 3514 1306 3572 p.

273 3576 348 3632 186:
379 3572 584 3648 „Valentin,
614 3575 762 3640 fortitudo.
789 3611 828 3624 -
861 3579 989 3642 Titinius
1014 3580 1044 3638 in
1073 3578 1187 3639 Setina:
1219 3579 1251 3636 S.
1274 3598 1306 3658 g.

270 3675 391 3716 navem
412 3665 573 3738 torquet,
601 3681 670 3722 uon
690 3663 888 3724 valentia.“
909 3697 951 3710 -
978 3665 1051 3724 Non.
1073 3685 1100 3742 p.
1114 3671 1169 3725 87:
1192 3663 1306 3734 „Con-

269 3737 391 3805 future
412 3749 457 3802 ost
477 3743 650 3808 confundere
670 3749 716 3810 vel
733 3749 916 3810 committere.
937 3783 978 3800 ..-
1000 3748 1129 3809 Titinius
1145 3747 1173 3808 iu
1190 3747 1305 3808 Setinar

270 3824 386 3916 Casus
417 3834 603 3908 maguum“
634 3838 688 3894 ete
720 3865 762 3881 -
792 3833 866 3894 Nou.
897 3841 1019 3913 ptt9:
1062 3831 1311 3904 „Confutaro,

268 3927 452 3972 commovero.
495 3914 623 3976 Titinius
644 3916 673 3978 in
695 3917 809 3980 Setina:
844 3919 983 3978 Coous“
1012 3925 1066 3978 eto.
1108 3916 1305 3994 Antiquiorum

268 3993 332 4054 edd.
359 4007 484 4057 monstra
509 3998 554 4058 lio
584 3999 687 4062 afferre
716 4009 771 4060 non
801 4011 845 4064 est
873 4002 1126 4082 operaepretium.
1169 4000 1309 4060 Botliusr

264 4078 483 4152 ‚,Coat'ntot,
506 4085 672 4163 compeseit,
694 4107 751 4147 non
773 4086 935 4159 confundit,
956 4079 1117 4157 eonmittit,
1131 4091 1305 4156 eorummet,

267 4167 301 4220 ut
318 4164 413 4244 planet
432 4165 605 4230 Mammas
