2932 4842
1141 375 1219 456 lssd

228 544 380 624 Rectius
405 559 586 624 mecastor
611 544 757 645 piculae
783 559 879 643 tuae,
906 551 1094 640 Pdstume,
1109 565 1124 596 ·³
1204 586 1207 596 ·

181 687 184 694 ’
227 653 382 724 Lectum
407 651 518 725 hddie
544 663 695 725 stratum
720 645 811 741 vidi,
838 663 1004 746 scraptae
1029 646 1186 726 mdlieri.

176 754 329 816 Piculae
359 753 421 815 lieri
449 751 542 835 potuit
571 762 604 814 ut
633 756 795 816 dicerentur
824 755 1110 837 mulieresgorrulae
1132 755 1220 816 etad

177 839 382 920 obiurgandum
411 861 578 920 propensae.
623 841 738 901 Ovidius
765 842 801 900 de
828 841 906 900 Pieri
933 841 1061 913 filiabus,
1089 841 1118 899 in
1140 841 1219 920 picas

176 926 330 997 conversis,
352 927 467 986 Metam.
484 925 519 984 V.
533 933 594 988 677
610 945 669 1004 sep:

240 1011 342 1082 „Nunc
362 1028 473 1090 quoqne
496 1010 524 1069 in
547 1011 659 1070 alitibus
681 1009 813 1070 facundia
833 1010 928 1090 prisca
949 1010 1091 1080 remansit,

240 1095 395 1174 Raucaque
417 1095 587 1176 garrulitas,
604 1095 781 1174 studiumque
802 1095 921 1154 immane
943 1094 1107 1174 loquendi.“

176 1181 274 1258 ltaque
307 1181 404 1240 eadem
437 1181 536 1240 mulier
571 1179 748 1262 significetur
779 1179 882 1262 fragm.
898 1181 990 1252 Vlll.;
1023 1199 1115 1258 neque
1146 1179 1218 1240 hanc

176 1265 313 1325 diversam
341 1265 429 1324 fuisse
456 1273 525 1344 puto
548 1265 582 1324 ah
605 1285 654 1336 ea,
684 1285 756 1344 quae
785 1272 1017 1324 commemoratur
1037 1263 1167 1346 fragmm.
1182 1265 1218 1324 ll.

174 1349 227 1409 xl.
254 1384 298 1394 -
331 1351 375 1409 nd
406 1349 602 1428 explicandum
636 1349 740 1410 Titinii
770 1349 862 1408 locum
894 1349 964 1409 facit
994 1349 1077 1408 etiam
1108 1349 1218 1409 Nonius

175 1456 202 1513 p.
230 1442 290 1496 169
319 1434 363 1496 ed.
402 1435 506 1505 Marc,
538 1434 586 1513 qui
617 1435 745 1493 hausisse
780 1435 893 1494 videtur
924 1455 960 1494 ex
993 1434 1084 1494 Gellio
1110 1433 1159 1493 lll.
1183 1444 1218 1495 3:

175 1519 390 1600 ,‚Seraptas,
424 1520 636 1597 compedes,
670 1519 916 1581 strictivellas
944 1519 1125 1599 exprobratio
1154 1518 1216 1581 vitii

175 1611 244 1662 aut'
267 1601 453 1664 deformitatis
494 1604 681 1663 meretricum.
728 1604 847 1663 Plautus
889 1604 918 1664 in
953 1603 1134 1665 Neruolaria:
1174 1637 1217 1650 --

175 1689 364 1770 scraptae,
392 1690 611 1768 scrupedae,
642 1687 902 1762 strictivellae,
930 1689 1141 1748 sordidae.“
1166 1688 1217 1748 Vi·

138 1787 142 1796 '
176 1773 260 1832 detur
279 1781 372 1834 autem
394 1782 566 1852 scraptae
588 1780 762 1833 contractum
785 1794 848 1834 esse
869 1795 908 1833 ex
929 1780 1124 1853 scr-captae
1150 1773 1215 1850 nisi,

174 1858 332 1939 ubieunque
365 1860 420 1918 hoc
457 1859 622 1919 vocabulum
656 1864 766 1930 exstat,
802 1859 953 1918 secuudum
980 1859 1068 1917 lindr.
1100 1859 1215 1918 Junium

175 1945 210 2002 ad
233 1944 319 2002 Nonii
347 1944 366 2003 l.
390 1963 415 2003 c.
437 1944 641 2003 restituendum
669 1943 708 2002 sit
727 1951 920 2024 scrcaptae
942 1943 1001 2014 rel,
1025 1944 1098 2022 quod
1120 1951 1214 2003 tamen

173 2029 278 2088 Titinii
300 2035 330 2088 et
350 2028 445 2088 Plauti
466 2029 536 2088 locis
559 2029 648 2087 minus
670 2035 765 2108 aptum
787 2037 840 2100 est,
863 2029 1056 2088 screatiae.
1100 2029 1216 2088 'Fur-rre-

173 2115 225 2173 hus
254 2114 375 2173 caeteris
403 2114 500 2173 fonnis
521 2111 648 2192 praefert
669 2113 849 2174 saraciae.
892 2114 951 2173 Sed
971 2111 1045 2174 vidd.
1068 2113 1214 2188 Varronis,

173 2198 272 2271 Gellii,
309 2199 403 2272 Festi,
439 2197 525 2257 Nonii
557 2199 741 2278 interpretes,
774 2205 804 2258 et
828 2198 948 2258 Vossius
974 2198 1004 2258 in
1034 2199 1155 2278 Etymcl.
1186 2217 1215 2261 v.

172 2285 337 2363 Scrapte.
374 2289 376 2298 ⁴

664 2402 716 2461 x1.

256 2521 400 2582 Charisius
419 2521 441 2580 l.
469 2543 497 2601 p.
514 2473 554 2584 so
577 2541 622 2600 ap.
643 2520 776 2580 Putsch:
807 2518 958 2593 „Bibar,
980 2515 1017 2581 τὸ
1044 2517 1122 2580 niem
1149 2516 1215 2604 (nl-

171 2603 259 2688 νειν).λ
276 2639 320 2653 -
347 2606 475 2668 Titinius
497 2607 526 2664 in
547 2605 679 2666 Proelia:

813 2732 864 2741 —-
888 2686 987 2760 Date
1011 2681 1068 2762 illi
1091 2692 1210 2764 biber:

221 2783 406 2864 Irt'reunda
432 2792 524 2862 haec
550 2797 646 2862 est.“
671 2835 722 2844 —

171 2894 304 2956 Barthius
325 2895 445 2954 Advers.
461 2894 509 2953 lV.
525 2899 559 2955 5:
582 2894 753 2965 „Sciendum
775 2893 849 2972 quod
870 2891 911 2951 illi
934 2888 1035 2972 (Galli)
1058 2892 1212 2956 inlinitiros

170 2980 198 3037 in
221 2981 249 3038 R
271 2999 423 3038 consonam
446 2976 610 3050 telmiuant,
633 2979 736 3038 omisso
756 2998 828 3057 quae
850 2978 924 3056 apud
941 2977 1063 3038 Latinos
1085 2980 1213 3058 sequitur

169 3065 272 3135 vocali,
289 3082 339 3123 eos
353 3064 571 3125 vetustissimam
587 3063 710 3123 eiusdem
726 3063 843 3144 linguae
857 3063 1086 3122 consuetudinem
1101 3065 1212 3144 sequi.“

170 3150 246 3209 ldenr
275 3149 352 3209 valet
382 3150 416 3208 de
448 3149 591 3227 Hispanis.
633 3148 790 3208 Verisimile
816 3154 908 3206 tamen
938 3155 996 3221 est,
1024 3169 1081 3208 non
1104 3169 1142 3208 ex
1163 3149 1212 3209 illa

170 3235 286 3313 antiqua
313 3241 343 3292 et
368 3233 460 3292 minus
487 3234 592 3292 usitata
622 3232 714 3293 forma
740 3234 837 3292 horurn
865 3233 1029 3312 populorum
1056 3232 1211 3294 infinitivus

171 3326 251 3377 ortos
273 3338 346 3390 esse,
369 3319 419 3377 sed
441 3338 479 3376 ex
499 3318 627 3399 vulgari,
650 3319 754 3378 omissa
775 3324 917 3396 postrema
938 3317 1047 3390 littera3
1080 3319 1212 3396 quemad-

170 3404 281 3462 modum
308 3402 372 3463 ltali
398 3403 542 3474 hodierni,
576 3403 643 3462 licet
670 3403 825 3482 pleniorem
853 3401 970 3476 formam
996 3399 1118 3481 amplexi
1143 3404 1210 3482 sint,

170 3488 348 3567 saepisssime
364 3489 489 3548 vocalem
504 3488 580 3547 illam
596 3489 759 3547 extrudunt.
786 3487 831 3546 Dc
853 3487 982 3546 similiter
997 3487 1151 3547 decurtatis
1168 3489 1210 3548 in·

168 3573 285 3644 finitivis
306 3573 380 3652 apud
395 3573 522 3634 Graecos
538 3573 593 3649 vid.
616 3573 643 3631 J.
667 3574 702 3632 G.
725 3572 886 3652 Huschkius
908 3572 943 3630 de
966 3573 999 3630 0.
1022 3573 1114 3634 Annio
1136 3574 1210 3658 ⁰1⁰¹?

169 3658 220 3718 bro
242 3661 336 3737 p..56.
379 3658 497 3734 Vossius
518 3659 639 3736 Etymol.
662 3680 689 3719 v.
710 3658 813 3740 Biha:
836 3659 890 3736 „A
911 3657 1026 3730 biber,
1049 3647 1154 3719 extrito
1176 3659 1209 3732 h,

169 3751 214 3804 est
233 3742 381 3824 Belginum
402 3742 495 3826 bier,
513 3743 552 3817 'id
569 3749 622 3814 est,
644 3742 834 3803 cervisia.“

589 3891 792 3902 ——n-n—nn—

252 4029 418 4089 Alferuntur
438 4028 519 4088 huius
541 4027 654 4088 fabulae
674 4028 810 4106 reliquiae
832 4047 869 4086 ex
890 4028 1022 4100 Prilia,
1045 4029 1207 4102 Proelia,

90 4157 93 4164 »
167 4114 670 4186 Proeliu‚Proclia,Prilla.
713 4114 763 4172 Bis
785 4113 868 4172 etiam
890 4114 964 4193 apud
985 4113 1104 4172 Nonium
1126 4135 1207 4195 repe-

167 4200 254 4260 rimus
274 4200 304 4260 in
325 4199 388 4259 edd.
409 4200 482 4260 Ven.
504 4199 621 4282 etPar.
644 4205 674 4258 et
695 4198 780 4259 semel
802 4198 831 4258 in
852 4197 917 4259 Ald.
933 4196 1098 4293 Proelia,
1119 4201 1206 4262 semel
