2932 4842
261 359 343 436 llo

261 536 395 596 sumendo
430 536 530 599 cibum.
583 539 665 598 Unde
698 546 728 598 et
760 537 1076 600 obstrudulentum
1103 581 1112 600 .
1135 583 1143 598 .
1167 583 1176 598 .
1263 582 1302 598 ..

262 620 335 681 dixit
356 621 501 681 Titinius:

310 721 359 794 A.
388 721 663 794 Obstrdduleuti
681 716 827 816 dliquid,
853 727 949 818 quod
970 717 1114 817 pectdm
1136 729 1278 797 sedens.

310 825 356 896 Β.
384 826 463 895 Aut
483 824 542 896 hic
562 828 734 896 laetaster
754 830 817 896 ar'rt
836 829 1031 899 formaster
1050 819 1218 920 frigidus.
1230 835 1254 872 ‘⁶
1285 897 1288 906 ,

261 942 319 1002 lrie
348 943 536 1005 laetoster.
575 944 680 1003 Sebed.
711 945 988 1006 luculentaster.
1015 979 1058 990 -
1083 946 1146 1006 Jos.
1173 945 1305 1028 Scaliger

260 1027 382 1107 priorem
404 1048 515 1089 versum
538 1029 579 1087 sia
600 1029 687 1108 legit:

305 1112 488 1174 Obstrnde
509 1113 625 1173 lentis
645 1114 797 1193 aliquid,
825 1117 941 1194 quoad
962 1121 1102 1200 pectam
1123 1105 1272 1176 sedens.

263 1213 416 1274 Ducarius:

310 1298 590 1358 (lbstruduleuti
611 1300 748 1379 aliquid
771 1302 865 1381 quod
887 1302 1072 1381 adpectnm
1093 1301 1232 1361 sedens.

262 1383 378 1463 Siquid
399 1385 560 1442 mumadam
582 1394 672 1457 esset,
695 1386 847 1446 insererem
869 1387 910 1444 da
931 1383 1303 1465 post0bstrudulcnti.

263 1469 358 1528 Minus
380 1475 474 1528 auteur
496 1467 615 1528 offendit
635 1470 728 1528 hiatus
750 1471 778 1529 in
798 1489 929 1538 caesura.
950 1503 993 1515 -
1021 1470 1307 1543 „llbstruduleu-

263 1559 375 1624 tum,“
407 1553 498 1631 inquit
523 1552 656 1626 Botlrius,
690 1555 827 1628 „ridicule
853 1554 921 1614 licta
949 1575 1007 1615 uox
1035 1555 1071 1614 ad
1100 1555 1307 1616 similitudinem

263 1639 412 1699 verborum
434 1640 615 1710 esculentum,
638 1640 821 1718 potulentum,
844 1640 1043 1719 pulmentum.“
1073 1640 1135 1700 Jos.
1157 1641 1305 1722 Scaliger:

266 1722 505 1794 ,‚Laetoster‚
529 1717 797 1804 χαριεντιζόμενος.
832 1725 1055 1797 formaster,
1072 1717 1307 1805 oipai'do‘perogf‘

263 1809 369 1866 Eadem
396 1827 458 1867 oum
484 1808 607 1870 Dacerio
629 1810 732 1888 repetit
752 1810 881 1869 Botloius.
924 1811 1025 1870 Recte.
1056 1809 1127 1869 Aliis
1148 1810 1242 1870 verbis
1264 1809 1304 1869 di-

263 1900 377 1953 ceretur
398 1892 549 1974 Frigida
570 1895 616 1955 vel
636 1894 775 1954 insulse
796 1895 853 1953 uic
874 1894 1027 1954 iocatur.
1049 1895 1226 1974 Explicandu
1240 1900 1307 1954 suut

263 1985 413 2058 praeterea
442 1978 529 2039 verba
557 1979 735 2038 laetaster
766 1986 829 2038 aut
854 1977 1054 2038 formaster
1074 1978 1237 2061 frigidus
1259 1997 1304 2051 eo,

264 2064 340 2142 quod
370 2063 482 2123 scurrili
513 2064 595 2123 modo
632 2064 705 2124 alter
735 2064 922 2124 interlocutor
953 2065 1006 2124 sibi
1034 2063 1138 2143 aliquid
1168 2064 1305 2125 edendum

264 2154 441 2228 poposcerat.

760 2301 808 2361 l'l.

348 2436 452 2496 Festus
472 2456 500 2497 v.
521 2437 678 2500 Pedibus
701 2436 868 2508 obsitum,
901 2437 1003 2496 Solred.
1025 2460 1052 2517 p.
1065 2446 1105 2502 89
1123 2437 1168 2496 ed.
1184 2437 1304 2496 Decea:

265 2521 450 2593 „Pedibus
473 2521 608 2593 obsitum,
636 2523 741 2596 idest,
764 2521 908 2601 pediculis.
953 2522 1081 2581 Titinius
1102 2521 1306 2601 pedicosum
1376 2591 1385 2608 ι
1456 2509 1457 2522 ’

264 2606 388 2684 appellat
409 2607 462 2665 boc
484 2607 579 2665 modo:
753 2675 755 2680 ¹

328 2690 399 2748 aus
422 2691 643 2750 detrudetur
664 2690 876 2770 pedicosus,
905 2691 1133 2768 squalidus.“

264 2773 382 2832 Paullus
404 2795 441 2834 ex
456 2774 562 2834 Festo:
586 2775 732 2847 „Pedes
754 2776 896 2846 dicuntur,
919 2794 990 2854 quos
1012 2775 1175 2836 diminutive
1190 2775 1307 2835 dicimus

264 2858 419 2938 pediculos.
462 2859 506 2918 Ab
536 2860 579 2918 bis
611 2860 737 2940 pedicosi
758 2860 949 2939 appellantur3
978 2867 1012 2920 ut
1033 2868 1078 2920 est
1098 2861 1181 2920 illud:
1204 2860 1308 2920 Pedi·

265 2962 384 3015 cosas,
406 2945 610 3023 squalidus,
632 2945 691 3005 ubi
711 2965 761 3004 me
779 2945 892 3016 videt,
915 2951 1023 3024 caput
1038 2945 1172 3018 scabit,
1194 2947 1306 3025 pedes

264 3027 389 3110 legit.“
431 3029 513 3108 Apud
539 3031 653 3089 Festum
684 3029 771 3091 verba
801 3029 860 3088 ubi
881 3050 930 3088 me
952 3039 1006 3089 etc.
1034 3051 1072 3090 ex
1102 3030 1213 3089 Lucilio
1245 3031 1306 3090 lau-

265 3114 377 3172 dantur.
419 3113 479 3172 Pro
510 3115 720 3193 pedicosus,
753 3115 828 3193 quod
859 3114 987 3173 senarius
1014 3115 1136 3195 respuit,
1168 3116 1307 3174 Decerius

266 3218 328 3258 cum
350 3199 517 3280 scaligero,
550 3199 597 3278 qui
625 3201 741 3259 Festum
763 3200 792 3260 in
813 3199 983 3278 depravatos
1005 3202 1117 3260 codices
1138 3201 1243 3260 Titinii
1264 3201 1308 3259 in·

266 3283 370 3342 cidisse
384 3287 484 3342 merito
502 3291 591 3362 putat,
610 3285 759 3366 legendum
774 3285 908 3363 proponit
922 3285 1156 3364 paedidosus.
1177 3285 1306 3357 Bolbius,

266 3367 335 3426 nihil
355 3375 475 3438 mutans,
498 3388 609 3428 versum
630 3368 715 3428 babet
730 3371 787 3448 'pro
809 3376 983 3447 asynarteto,
1006 3377 1154 3430 constante
1176 3389 1213 3429 ex
1234 3371 1308 3450 ithy-

265 3451 350 3531 plrall.
379 3458 408 3510 et
436 3452 519 3524 iasub.
542 3454 605 3512 dim.
630 3453 789 3531 breclrycat.
831 3454 950 3526 Festus,
972 3456 1047 3515 unde
1067 3455 1162 3514 bausit
1181 3454 1308 3526 Paullus,

267 3555 338 3596 saue
368 3536 479 3596 videtur
506 3538 612 3618 legisse
639 3539 841 3618 pedicosus.
883 3539 977 3598 Nihilo
997 3559 1066 3601 vero
1089 3539 1181 3622 magis
1202 3539 1309 3614 dubito,

266 3621 333 3698 quin
355 3621 483 3680 Titinius
505 3621 546 3682 ita
567 3622 712 3702 scripserit
732 3643 857 3684 versum:

358 3719 438 3792 Rus
460 3723 668 3795 detrudetur
689 3723 930 3814 pediculosuS,
958 3715 1156 3816 squallidus.

269 3837 302 3897 Si
323 3839 397 3918 opud
418 3838 577 3900 Martialem
591 3841 657 3900 xll.
674 3846 724 3902 59.
747 3849 777 3903 8.
799 3842 844 3901 bio
865 3861 966 3902 veram
986 3842 1155 3903 Phalaecius
1175 3849 1286 3904 exstet:

354 3924 451 3995 „Hinc
473 3926 560 3985 menti
581 3926 707 3984 domiuus
729 3927 923 4005 pediculosi;“

269 4007 409 4090 singulari
430 4008 545 4070 lieentia
565 4017 651 4090 potita
675 4013 825 4070 secundam
847 4011 926 4072 verbi
948 4011 1155 4091 pediculosi
1176 4011 1309 4090 syllabam

270 4093 413 4172 produxit.
457 4094 528 4154 Num
559 4095 673 4175 proprie
695 4115 745 4167 ea,
778 4115 860 4174 quum
883 4097 1047 4157 vocabulum
1068 4117 1087 4157 n
1106 4096 1179 4176 pede
1199 4095 1310 4158 deriua-

269 4187 327 4238 tum
342 4179 390 4251 sit,
411 4179 573 4242 necessario
591 4180 685 4242 brevis
702 4187 756 4240 est.
786 4180 963 4242 Pertimuisse
977 4188 1071 4242 autem
1085 4189 1154 4260 puto
1166 4179 1309 4263 frugum·
