2932 4842
168 279 172 291 ’
278 331 359 410 ros

636 527 639 536 ¹
767 507 832 570 xil.

301 633 305 644 '
363 621 473 686 Nonius
500 643 528 708 p.
549 629 609 690 509
637 627 682 687 ed.
708 627 814 687 Mera:
851 625 1023 701 „Diserte
1054 636 1085 689 et
1116 593 1326 690 consuetudine

282 709 384 771 dieitur
405 717 435 770 et
454 710 573 772 Afranio
595 720 712 772 auctore
733 713 761 770 in
784 711 929 773 Divertio:

330 812 443 891 Quod
467 801 546 882 vdit
572 813 705 884 diserte
730 805 876 906 pictum
902 821 965 884 eut
990 813 1136 884 dietum.
1145 817 1170 858 “
1195 849 1244 866 --

282 937 428 1010 paetum.
473 927 636 989 Gulielmius
658 931 775 997 (tuaest.
799 930 828 989 in
849 929 943 990 Plaut
964 929 1097 991 Baoeirid.
1115 929 1323 1005 iss-„Malim

280 1015 422 1074 fantum.
444 1014 541 1073 neseio
563 1015 630 1095 quid
650 1014 712 1075 tieri
734 1023 784 1076 out
804 1016 860 1074 diei
881 1017 964 1095 pinne
984 1016 1056 1076 veile
1077 1035 1111 1075 se
1132 1016 1206 1076 sit.“
1231 1017 1323 1076 Prae-

281 1105 340 1160 stst
360 1099 432 1159 odeo
452 1100 572 1181 vulgata
591 1100 685 1160 lectio.
706 1133 750 1146 -
770 1107 839 1160 aut.
869 1101 937 1160 Par.
958 1119 1007 1162 ae.
1035 1101 1099 1160 Nou
1120 1101 1203 1161 maie.

763 1231 841 1294 ΧΙΙῙ.

365 1351 475 1412 Nonius
495 1373 522 1431 p.
536 1356 597 1414 515
619 1350 663 1410 ed.
685 1351 788 1411 Mera:
811 1351 1056 1432 „Perspieate
1077 1373 1130 1432 pro
1151 1354 1319 1435 perspiesei·

279 1444 336 1496 ων.
378 1435 513 1496 Afranius
534 1437 563 1496 in
585 1436 731 1496 Divertio:

332 1537 452 1618 Quam
477 1528 700 1629 perspieate,
719 1528 835 1629 quium
860 1537 1033 1630 benigne,
1065 1528 1174 1630 quim
1202 1539 1291 1610 eitoi

332 1629 465 1716 Quum
483 1630 638 1728 birindo,
674 1661 782 1732 quum
813 1629 975 1709 materno
1002 1638 1096 1710 vivis
1121 1641 1318 1732 pectore!“

281 1757 495 1836 Perspieate
522 1790 565 1804 -
591 1757 809 1837 perspicote.
840 1757 889 1816 sic
910 1757 981 1816 Ven.
1004 1758 1025 1815 Ι.
1048 1756 1084 1817 ΙΙ.
1110 1758 1179 1818 Par.
1224 1759 1315 1840 Vulgo

279 1842 548 1922 Perepioace-
565 1843 786 1922 perspicuos.
817 1842 907 1900 Multo
921 1842 1092 1921 probabilius
1104 1844 1224 1915 videtur,
1237 1844 1317 1904 Atia·

280 1928 357 1987 nium
377 1927 414 2002 ud
429 1927 636 1987 similitudinem
656 1927 773 1986 oliorum
795 1927 990 1988 adverbiorum
1011 1928 1162 2006 protulisse
1184 1928 1317 2008 perspi·

281 2020 376 2083 eate,
398 2031 479 2090 quom
501 2011 641 2093 singulari
662 2011 860 2071 terminatione
880 2012 1100 2090 perspioaee.
1116 2046 1158 2058 -
1177 2012 1316 2073 blando.

281 2097 349 2156 Jun.
370 2097 458 2156 Mero.
482 2097 616 2156 blando.
642 2129 686 2140 -
711 2102 873 2155 materno
902 2095 1006 2157 viris.
1049 2096 1099 2156 Sio
1125 2096 1193 2156 Jun.
1217 2119 1316 2179 marg„

281 2181 330 2240 noi
355 2188 523 2251 annotatur,
554 2181 582 2240 in
604 2181 675 2241 libro
697 2201 747 2239 me.
769 2201 820 2260 pro
842 2179 935 2241 vivis
961 2199 1026 2239 esse
1046 2181 1140 2252 vias,
1171 2182 1260 2243 More.
1288 2183 1317 2241 in

282 2273 408 2338 anneta,
438 2265 566 2326 Bothius.
596 2266 667 2326 Ven.
694 2267 716 2324 i.
743 2265 778 2324 ΙΙ.
809 2273 921 2326 mater
953 2273 1016 2325 est.
1058 2265 1127 2325 Par.
1154 2267 1218 2326 Ald.
1249 2269 1315 2327 Bae.
1443 2305 1444 2348 3

189 2359 191 2364 '
282 2351 381 2431 Steph.
412 2350 480 2411 Jun.
511 2351 588 2410 miti
618 2357 680 2410 eet.
718 2350 807 2410 Mera.
838 2357 996 2409 materno
1027 2350 1116 2411 vias.
1142 2382 1186 2396 --
1213 2353 1246 2412 ln
1274 2352 1317 2412 ed.

282 2436 369 2498 Mene.
390 2435 470 2516 prior
489 2455 589 2496 vorsus
610 2435 694 2495 etiam
715 2457 743 2515 p.
757 2440 816 2496 513
840 2441 944 2494 exstat
988 2493 990 2500 ,

366 2637 446 2696 Hanc
472 2643 599 2718 togatam
625 2631 772 2695 Afranium
802 2635 838 2695 nd
865 2635 1046 2696 imitationem
1071 2634 1221 2697 Menandri
1244 2629 1318 2698 ¹Mr-

283 2713 453 2801 σογῦνου,
475 2741 548 2800 quae
567 2720 664 2781 fobuia
683 2720 785 2779 dieitur
799 2722 1032 2781 Menandrearum
1044 2722 1239 2801 pulcherrima,
1261 2722 1318 2782 eui·

282 2823 338 2885 que
358 2807 553 2886 cognominem
575 2807 671 2866 docuit
689 2807 818 2881 Attiiius,
841 2807 1032 2886 composuisse
1053 2826 1090 2864 ex
1112 2807 1194 2865 titulo
1216 2805 1317 2866 ooniiei

281 2891 368 2951 iieeet
393 2898 423 2950 et
450 2911 488 2951 ex
513 2893 658 2970 utriusque
685 2891 846 2950 comoediae
867 2891 1001 2970 reliquiis.
1042 2890 1190 2950 Menandri
1212 2891 1318 2952 Mauo-

158 3041 161 3048 ,
281 2969 356 3058 γῦνῃ
377 2991 452 3035 uxor
471 2995 538 3036 mox
560 2977 631 3036 adeo
653 2977 682 3036 in
703 2975 834 3037 invidiam
856 2983 1037 3055 pervenerat,
1059 2981 1106 3047 ut,
1127 2976 1261 3056 quidquid
1276 2975 1317 3036 ie·

282 3069 374 3133 eeret,
406 3062 454 3121 iiie
481 3062 509 3120 im
537 3061 636 3122 maiam
662 3066 771 3140 portem
801 3061 956 3140 acciperet,
987 3079 1039 3120 nee
1066 3061 1215 3140 quidquam
1222 3106 1232 3136 ,
1263 3059 1317 3122 nisi

282 3148 370 3218 meis,
393 3166 430 3206 ex
452 3166 487 3206 ea
508 3146 561 3206 sibi
575 3145 638 3206 fieri
658 3145 835 3217 viderentur,
858 3147 987 3226 omnique
1008 3146 1090 3204 modo
1112 3161 1173 3205 eem
1190 3151 1316 3207 vexaret.

283 3231 364 3290 Vidd.
396 3229 526 3313 iragmm.
560 3231 633 3310 apud
661 3231 834 3289 Meinekium
863 3229 1316 3310 p.11uet115.'1)iscnnen

281 3316 427 3394 utriusque
448 3315 561 3376 fabulae
582 3316 610 3374 im
633 3333 667 3375 eo
688 3315 861 3395 potissimum
883 3315 1056 3386 eonstiterit,
1078 3315 1153 3393 quod
1174 3310 1317 3397 Μισογύ-

281 3419 349 3478 mg,
380 3400 448 3460 lieet
467 3401 636 3460 'iniuriarum
662 3400 698 3459 ob
725 3419 760 3460 ea
785 3408 934 3460 aecusatus
962 3396 1003 3480 (p.
1017 3405 1077 3460 115
1099 3419 1145 3478 ap.
1167 3399 1317 3482 Μαῖα),

281 3485 432 3544 amicorum
454 3485 689 3544 admonitionibus
710 3493 852 3564 permotus
875 3482 1227 3566 (p.112ap.iieinek.),
1255 3495 1316 3545 tan·

281 3568 343 3628 dom
363 3571 393 3629 in
414 3570 536 3651 gratiam
556 3569 673 3630 redierit
699 3589 762 3628 oum
783 3589 890 3642 uxore3
921 3570 949 3628 in
971 3567 1080 3630 Afranii
1102 3577 1204 3650 togata
1224 3569 1317 3633 divor·

280 3653 349 3711 tium
374 3652 479 3713 foetum
508 3653 559 3726 sit,
590 3654 670 3715 ouius
692 3674 804 3714 causam
825 3654 958 3733 imprimis
978 3654 1067 3714 fuisse
1094 3654 1187 3713 mariti
1208 3666 1316 3733 putrem

280 3756 318 3797 ex
339 3736 441 3820 fragm.
460 3739 498 3798 X.
521 3739 651 3799 eoniieio.
696 3738 786 3804 Quom
809 3741 901 3800 autem
923 3740 1038 3799 maritus
1059 3757 1171 3798 onumen
1193 3759 1317 3818 pronun·

279 3822 406 3894 tiaverit,
444 3843 494 3883 our
524 3824 677 3883 dimitteret
708 3826 856 3906 coniugem
863 3869 873 3899 ,
913 3844 950 3884 ex
986 3823 1089 3904 fragm.
1117 3823 1152 3882 ΙΙ.
1184 3831 1317 3904 apparet3

277 3926 395 3988 eumque
421 3907 510 3966 fuisse
531 3908 669 3968 hominem
697 3916 835 3981 astutum,
870 3909 917 3988 qui
938 3909 991 3967 sibi
1012 3908 1106 3989 potius
1127 3908 1246 3968 haberet
1267 3910 1316 3968 do·

250 4019 251 4026 1
275 3999 347 4064 tem,
369 4011 450 4073 quam
471 3993 579 4053 muiieri
601 3993 732 4053 dimissae
753 3995 899 4067 redderet,
927 3994 1011 4053 doeet
1031 3992 1133 4075 fragm.
1156 3991 1178 4051 l.
1222 3994 1315 4072 Atque

274 4097 312 4136 ex
332 4077 435 4160 fragm.
451 4078 503 4136 lx.
525 4078 708 4160 intelligitur,
724 4080 869 4140 ,hominem
889 4078 963 4138 hene
982 4079 1037 4137 iam
1059 4078 1177 4137 alteram
1198 4076 1315 4137 duxisse

272 4180 404 4236 uxomm,
425 4163 582 4243 procreetis
603 4183 641 4222 ex
661 4163 757 4243 priore
778 4163 889 4236 liberis,
910 4181 994 4242 quum
1015 4181 1052 4222 ee
1071 4179 1197 4224 noverea
1217 4163 1314 4243 appel·

1440 4261 1445 4386 i
