2938 4848
583 875 631 941 1..
675 873 932 940 ΛΜΗ.

433 1149 706 1210 AENEADAD
741 1150 855 1210 slva
887 1149 1086 1210 DECIUS.

324 1251 516 1364 Aenebdae
542 1302 620 1364 sive
647 1302 780 1362 Decius
808 1302 870 1363 iure
896 1302 982 1364 scribi
1002 1303 1114 1364 videtur
1134 1299 1218 1361 buirus
1237 1299 1283 1361 ia·

240 1388 322 1448 bulae
353 1388 460 1448 titulun.
514 1388 597 1466 Apud
624 1383 761 1462 Nonium,
792 1388 839 1468 qui
871 1389 949 1448 solos
980 1408 1041 1448 eam
1073 1393 1281 1458 commemoret,

240 1479 340 1552 quater
361 1473 468 1554 legitur
488 1473 611 1532 Attius
638 1472 667 1531 in
689 1472 885 1545 Aeneadis,
904 1473 1021 1534 'omisso
1049 1471 1132 1532 Decii
1159 1471 1281 1544 nornine,

240 1557 330 1618 octies
351 1557 475 1628 Attius
496 1557 529 1616 in
551 1557 733 1616 Aeneadis
755 1563 815 1617 aut
835 1557 963 1630 Decio,
994 1558 1081 1618 semel
1102 1555 1225 1616 Attius
1245 1555 1281 1616 in

239 1641 417 1702 Aeneadis
438 1641 494 1704 vel
515 1642 637 1714 Decio.
680 1643 727 1718 Ex
747 1642 916 1723 fragmentis
937 1649 1069 1724 apparet,
1096 1648 1208 1721 potitam
1229 1639 1282 1700 bac

239 1733 419 1807 praetextata
430 1727 589 1787 celebrasse
601 1727 734 1806 imprimis
755 1729 932 1788 devotionem
944 1729 978 1787 Ρ.
991 1727 1073 1788 Decii
1088 1726 1139 1786 lilii
1154 1726 1182 1785 in
1196 1725 1280 1800 bello,

240 1813 315 1890 quod
327 1812 449 1871 Romani
470 1820 622 1893 gesserant
643 1832 705 1872 cum
728 1812 828 1884 Gallis,
850 1813 1033 1885 Samnitibus,
1054 1811 1192 1883 Etruscis,
1214 1812 1281 1870 Um·

159 1905 160 1908 ’
238 1897 306 1958 bris.
349 1899 420 1956 Rem
448 1894 563 1975 copiose
589 1907 688 1956 narrat
702 1898 814 1958 ¹Livius
841 1899 913 1957 Hist.
934 1899 973 1956 X.
997 1905 1145 1960 26—30.
1190 1897 1282 1962 Qum

158 1979 160 1984 ’
239 2003 307 2044 vcro
338 1982 441 2062 duplex
471 1982 510 2040 sit
535 1982 700 2060 inscriptio,
730 1982 907 2043 manifestum
937 1989 996 2055 est,
1033 2003 1090 2041 non
1117 1981 1145 2041 id
1173 1988 1280 2042 tantum

238 2067 362 2142 voluisse
390 2067 512 2138 Attium,
544 2075 576 2124 ut
602 2067 684 2126 Decii
717 2067 837 2129 virtutes
864 2068 992 2128 laudibus
1023 2068 1190 2138 extolleret,
1212 2066 1281 2144 'sed

240 2152 352 2212 omnino
372 2151 583 2226 Aeneadarum,
605 2152 634 2211 id
656 2159 713 2224 est,
735 2153 940 2224 Romanorum,
963 2152 1155 2213 fortitudinem
1177 2171 1212 2210 ac
1232 2171 1282 2231 pa·

239 2238 312 2297 triae
333 2257 455 2296 amorem
477 2237 640 2296 illustraret.
682 2238 765 2298 Decii
786 2259 909 2318 persona
929 2246 959 2299 et
980 2244 1096 2319 propter
1116 2256 1196 2296 suam
1217 2236 1281 2317 glo·

238 2323 309 2382 riam
336 2329 366 2382 et
393 2329 508 2402 propter
535 2329 680 2400 paternam
708 2323 828 2384 maxime
854 2330 957 2403 potitae
988 2323 1093 2383 idonea
1123 2321 1280 2392 videbatur,

240 2427 312 2487 quae
333 2408 483 2467 Aeneadas
503 2413 740 2486 repraesentaret.
789 2408 849 2468 Nec
870 2409 1040 2468 abhorrebat
1061 2429 1080 2466 a
1100 2406 1213 2466 fabulae
1235 2425 1283 2464 ar·

239 2499 375 2574 gumento
401 2511 525 2570 persono
550 2492 645 2565 Fabii,
680 2512 762 2572 quem
787 2492 893 2553 Decius
922 2497 951 2552 in
976 2494 1025 2552 illo
1047 2493 1121 2553 bello
1142 2491 1282 2573 collegam

238 2577 345 2637 babuit.
388 2576 488 2637 Livius
509 2576 582 2636 llist.
609 2577 648 2636 X.
672 2585 729 2638 30:
772 2579 950 2650 „Celebrate
975 2577 1125 2638 inconditis
1152 2575 1282 2636 carmini·

239 2663 292 2721 bus
313 2661 479 2720 militaribus
502 2681 557 2720 non
579 2661 673 2743 magis
692 2662 812 2724 victoria
833 2664 870 2730 D.
883 2664 978 2739 Fabii,
1002 2683 1083 2742 quam
1105 2682 1181 2721 mors
1200 2679 1282 2740 prae·

240 2748 316 2806 clara
343 2745 377 2805 P.
404 2745 487 2805 Decii
520 2752 579 2817 est3
618 2747 799 2826 excitataque
825 2749 960 2820 memoria
985 2748 1126 2828 parentis,
1161 2751 1282 2825 aequata

240 2838 343 2892 euentu
365 2830 475 2910 publico
498 2829 664 2910 privatoque
691 2831 742 2891 filii
768 2834 933 2894 laudibus.“
985 2833 1077 2899 Duum
1100 2839 1130 2892 et
1150 2839 1232 2911 pater
1253 2837 1282 2890 et

239 2915 315 2974 lilius
342 2936 393 2996 pro
421 2913 514 2994 patria
535 2937 568 2975 se
593 2917 788 2992 devovissent,
821 2939 980 2998 neposque,
1008 2919 1090 2991 licet,
1117 2924 1150 2976 ut
1170 2917 1282 2976 Korde-

240 3001 300 3062 sina
326 3001 363 3061 ad
384 3000 563 3060 llberbardtii
584 3003 705 3062 libellum
728 3004 763 3063 de
784 3003 885 3063 ιιιῐίιιιιι
906 3003 1088 3064 bumanitatis
1109 3009 1186 3063 statu
1208 3001 1281 3080 apud

240 3088 400 3160 lio-anon,
433 3106 514 3166 quem
538 3087 705 3147 Germanice
731 3088 831 3162 vertit,
861 3111 889 3169 p.
911 3095 951 3152 58
970 3109 1031 3169 sqq.
1056 3087 1196 3160 ostendit,
1233 3106 1282 3146 ne-

240 3149 377 3251 quisquam
404 3173 502 3231 eadem
527 3172 654 3232 sollemni
675 3173 802 3245 ratione,
835 3193 891 3252 qua
912 3194 981 3236 avus
1003 3181 1033 3232 et
1053 3180 1149 3252 pater,
1181 3171 1210 3231 in
1232 3172 1282 3230 bo-

239 3257 322 3318 stium
349 3256 406 3317 tela
432 3277 465 3317 se
491 3257 662 3317 coniecisset
689 3259 922 3338 oecubuissetque
947 3267 1079 3331 mortem,
1111 3257 1177 3317 buic
1200 3255 1283 3339 genti

240 3342 322 3422 qnasi
342 3341 403 3402 fato
426 3342 597 3403 destinatum
618 3343 709 3406 videri
730 3345 836 3424 potuit,
872 3352 905 3404 ut
930 3344 1091 3425 posthabite
1118 3362 1170 3403 sua
1190 3343 1283 3402 salute

239 3426 349 3506 patriae
369 3427 488 3488 salutem
510 3427 630 3489 iuvaret.
678 3429 720 3489 Ae
741 3450 811 3490 aene
832 3429 887 3489 iam
908 3429 1015 3488 Decius
1035 3426 1110 3487 filins
1131 3428 1283 3488 secundum

239 3511 349 3588 Liviupr
372 3511 446 3572 llist.
473 3512 512 3571 X.
537 3520 577 3575 28
604 3514 676 3573 baec
710 3515 918 3593 pronuntiavit:
953 3514 1057 3588 ,‚ouid
1083 3514 1159 3573 ultra
1187 3532 1284 3572 moror

239 3596 381 3656 familiare·
403 3595 509 3656 sotumi
551 3598 656 3658 Datum
681 3599 736 3658 boc
764 3605 862 3659 nostro
890 3599 991 3681 generi
1020 3605 1079 3672 cst,
1114 3603 1147 3656 nt
1173 3597 1283 3658 luendis

239 3681 372 3763 periculis
393 3681 511 3760 publicis
532 3682 643 3762 piacula
662 3683 786 3762 simus.“
837 3686 907 3744 llam
933 3705 992 3744 rem
1014 3684 1145 3767 tetigisse
1165 3682 1282 3754 Attium,

240 3786 331 3846 eoque
353 3767 435 3825 modo
458 3774 665 3846 praetextatam
692 3788 771 3828 snam
793 3770 962 3852 tragoediae
988 3769 1144 3829 reddidisse
1169 3767 1282 3828 similio-

241 3871 313 3924 rem,
340 3852 415 3912 baad
437 3858 482 3912 est
503 3851 694 3933 improbabile.

753 3991 765 4048 l

324 4089 434 4149 Nonius
454 4111 483 4170 p.
498 4095 560 4152 483
585 4091 630 4150 ed.
651 4091 756 4152 illene:
779 4093 968 4165 „Tumulti
995 4115 1047 4175 pro
1075 4059 1219 4154 tumultus.
1241 4127 1283 4140 -

242 4175 338 4236 Attius
359 4175 388 4234 in
409 4175 551 4236 Aeneadis
573 4176 618 4237 vel
638 4174 743 4238 Decio:
