<?xml version="1.0" encoding="UTF-8"?>
<!DOCTYPE html PUBLIC "-//W3C//DTD XHTML 1.0 Transitional//EN"
    "http://www.w3.org/TR/xhtml1/DTD/xhtml1-transitional.dtd">
<html xmlns="http://www.w3.org/1999/xhtml" xml:lang="en" lang="en">
 <head>
  <title>
</title>
<meta http-equiv="Content-Type" content="text/html;charset=utf-8" />
  <meta name='ocr-system' content='tesseract 3.04.00' />
  <meta name='ocr-capabilities' content='ocr_page ocr_carea ocr_par ocr_line ocrx_word'/>
</head>
<body>
  <div class='ocr_page' id='page_1' title='image "./defabulatogatar01neukgoog_0171.png"; bbox 0 0 2932 4842; ppageno 0'>
   <div class='ocr_carea' id='block_1_1' title="bbox 268 369 467 472">
    <p class='ocr_par' dir='ltr' id='par_1_1' title="bbox 268 369 467 472">
     <span class='ocr_line' id='line_1_1' title="bbox 268 369 467 472; baseline 0.02 -29"><span class='ocrx_word' id='word_1_1' title='bbox 268 369 347 448; x_wconf 81' lang='lat' dir='ltr'>mo</span> <span class='ocrx_word' id='word_1_2' title='bbox 459 462 467 472; x_wconf 43' lang='grc'>,</span> 
     </span>
    </p>
   </div>
   <div class='ocr_carea' id='block_1_2' title="bbox 269 534 1244 737">
    <p class='ocr_par' dir='ltr' id='par_1_2' title="bbox 269 534 1244 737">
     <span class='ocr_line' id='line_1_2' title="bbox 327 534 1244 635; baseline -0.004 -18"><span class='ocrx_word' id='word_1_3' title='bbox 327 535 559 632; x_wconf 77' lang='lat' dir='ltr'>„Pradterod</span> <span class='ocrx_word' id='word_1_4' title='bbox 584 549 624 613; x_wconf 87' lang='lat' dir='ltr'>tu</span> <span class='ocrx_word' id='word_1_5' title='bbox 649 543 700 614; x_wconf 87' lang='lat' dir='ltr'>sis</span> <span class='ocrx_word' id='word_1_6' title='bbox 725 543 885 614; x_wconf 79' lang='lat' dir='ltr'>resoluta</span> <span class='ocrx_word' id='word_1_7' title='bbox 910 534 1011 614; x_wconf 85' lang='lat' dir='ltr'>oriue</span> <span class='ocrx_word' id='word_1_8' title='bbox 1037 543 1244 635; x_wconf 81' lang='lat' dir='ltr'>capillus3“</span> 
     </span>
     <span class='ocr_line' id='line_1_3' title="bbox 269 643 1029 737; baseline -0.014 -21"><span class='ocrx_word' id='word_1_9' title='bbox 269 647 426 718; x_wconf 87' lang='lat' dir='ltr'>esatira</span> <span class='ocrx_word' id='word_1_10' title='bbox 450 645 615 717; x_wconf 82' lang='lat' dir='ltr'>Isidorus</span> <span class='ocrx_word' id='word_1_11' title='bbox 642 643 745 737; x_wconf 84' lang='lat' dir='ltr'>Orig.</span> <span class='ocrx_word' id='word_1_12' title='bbox 772 644 840 716; x_wconf 88' lang='lat' dir='ltr'>VI.</span> <span class='ocrx_word' id='word_1_13' title='bbox 868 645 893 717; x_wconf 87' lang='grc'>9</span> <span class='ocrx_word' id='word_1_14' title='bbox 917 645 1029 717; x_wconf 75' lang='lat' dir='ltr'>haec:</span> 
     </span>
    </p>
   </div>
   <div class='ocr_carea' id='block_1_3' title="bbox 341 754 1310 936">
    <p class='ocr_par' dir='ltr' id='par_1_3' title="bbox 341 754 1310 936">
     <span class='ocr_line' id='line_1_4' title="bbox 341 754 1310 935; baseline -0.003 -98"><span class='ocrx_word' id='word_1_15' title='bbox 341 755 564 855; x_wconf 72' lang='lat' dir='ltr'>„vertamus</span> <span class='ocrx_word' id='word_1_16' title='bbox 603 786 790 835; x_wconf 82' lang='lat' dir='ltr'><strong>vomerem</strong></span> <span class='ocrx_word' id='word_1_17' title='bbox 828 754 869 835; x_wconf 82' lang='lat' dir='ltr'>iu</span> <span class='ocrx_word' id='word_1_18' title='bbox 907 754 1031 935; x_wconf 40' lang='lat' dir='ltr'>«gerelm</span> <span class='ocrx_word' id='word_1_19' title='bbox 1065 755 1310 858; x_wconf 80' lang='lat' dir='ltr'>mucrdneque</span> 
     </span>
     <span class='ocr_line' id='line_1_5' title="bbox 875 887 1020 936; baseline 0.014 -2"><span class='ocrx_word' id='word_1_20' title='bbox 875 887 1020 936; x_wconf 87' lang='lat' dir='ltr'>armus</span> 
     </span>
    </p>
   </div>
   <div class='ocr_carea' id='block_1_4' title="bbox 344 933 583 1038">
    <p class='ocr_par' dir='ltr' id='par_1_4' title="bbox 344 933 583 1038">
     <span class='ocr_line' id='line_1_6' title="bbox 344 933 583 1038; baseline -0.008 0"><span class='ocrx_word' id='word_1_21' title='bbox 344 933 508 1038; x_wconf 78' lang='lat' dir='ltr'>(isseo.“</span> <span class='ocrx_word' id='word_1_22' title='bbox 533 1009 583 1018; x_wconf 86' lang='lat'>—-</span> 
     </span>
    </p>
   </div>
   <div class='ocr_carea' id='block_1_5' title="bbox 254 1084 1309 3090">
    <p class='ocr_par' dir='ltr' id='par_1_5' title="bbox 254 1084 1309 3090">
     <span class='ocr_line' id='line_1_7' title="bbox 267 1084 1309 1178; baseline -0.004 -20"><span class='ocrx_word' id='word_1_23' title='bbox 267 1087 372 1160; x_wconf 85' lang='lat' dir='ltr'>Unde</span> <span class='ocrx_word' id='word_1_24' title='bbox 399 1109 486 1156; x_wconf 88' lang='lat' dir='ltr'>vero</span> <span class='ocrx_word' id='word_1_25' title='bbox 513 1085 635 1178; x_wconf 78' lang='lat' dir='ltr'>colligi</span> <span class='ocrx_word' id='word_1_26' title='bbox 661 1084 795 1175; x_wconf 84' lang='lat' dir='ltr'><strong>possit,</strong></span> <span class='ocrx_word' id='word_1_27' title='bbox 838 1107 921 1155; x_wconf 89' lang='lat' dir='ltr'>eum</span> <span class='ocrx_word' id='word_1_28' title='bbox 945 1084 1137 1155; x_wconf 85' lang='lat' dir='ltr'>Atellanas</span> <span class='ocrx_word' id='word_1_29' title='bbox 1164 1105 1309 1176; x_wconf 90' lang='lat' dir='ltr'>compo·</span> 
     </span>
     <span class='ocr_line' id='line_1_8' title="bbox 266 1183 1308 1279; baseline -0.003 -20"><span class='ocrx_word' id='word_1_30' title='bbox 266 1190 402 1274; x_wconf 87' lang='lat' dir='ltr'>suisse,</span> <span class='ocrx_word' id='word_1_31' title='bbox 429 1189 465 1257; x_wconf 87' lang='lat' dir='ltr'>id</span> <span class='ocrx_word' id='word_1_32' title='bbox 492 1189 589 1279; x_wconf 92' lang='lat' dir='ltr'>quod</span> <span class='ocrx_word' id='word_1_33' title='bbox 607 1186 761 1256; x_wconf 88' lang='lat' dir='ltr'>Bothius</span> <span class='ocrx_word' id='word_1_34' title='bbox 785 1186 969 1276; x_wconf 88' lang='lat' dir='ltr'>perhibet,</span> <span class='ocrx_word' id='word_1_35' title='bbox 996 1208 1054 1256; x_wconf 89' lang='lat' dir='ltr'>me</span> <span class='ocrx_word' id='word_1_36' title='bbox 1079 1187 1183 1278; x_wconf 87' lang='lat' dir='ltr'>fugit.</span> <span class='ocrx_word' id='word_1_37' title='bbox 1234 1183 1308 1256; x_wconf 90' lang='lat' dir='ltr'>Ne·</span> 
     </span>
     <span class='ocr_line' id='line_1_9' title="bbox 266 1287 1309 1383; baseline 0.001 -25"><span class='ocrx_word' id='word_1_38' title='bbox 266 1312 336 1383; x_wconf 89' lang='lat' dir='ltr'>que</span> <span class='ocrx_word' id='word_1_39' title='bbox 363 1311 453 1380; x_wconf 92' lang='lat' dir='ltr'>opus</span> <span class='ocrx_word' id='word_1_40' title='bbox 483 1298 612 1358; x_wconf 85' lang='lat' dir='ltr'>estex</span> <span class='ocrx_word' id='word_1_41' title='bbox 639 1287 782 1357; x_wconf 82' lang='lat' dir='ltr'>Horatii</span> <span class='ocrx_word' id='word_1_42' title='bbox 808 1289 888 1358; x_wconf 90' lang='lat' dir='ltr'>loco</span> <span class='ocrx_word' id='word_1_43' title='bbox 915 1289 1032 1378; x_wconf 89' lang='lat' dir='ltr'>posito</span> <span class='ocrx_word' id='word_1_44' title='bbox 1066 1311 1148 1358; x_wconf 90' lang='lat' dir='ltr'>cum</span> <span class='ocrx_word' id='word_1_45' title='bbox 1173 1287 1309 1359; x_wconf 89' lang='lat' dir='ltr'>Bothio</span> 
     </span>
     <span class='ocr_line' id='line_1_10' title="bbox 266 1389 1309 1481; baseline -0.001 -20"><span class='ocrx_word' id='word_1_46' title='bbox 266 1400 446 1478; x_wconf 77' lang='lat' dir='ltr'>statuere,</span> <span class='ocrx_word' id='word_1_47' title='bbox 486 1389 695 1467; x_wconf 75' lang='lat' dir='ltr'>Quinctium</span> <span class='ocrx_word' id='word_1_48' title='bbox 729 1391 937 1480; x_wconf 75' lang='lat' dir='ltr'>tragoedias</span> <span class='ocrx_word' id='word_1_49' title='bbox 970 1390 1178 1480; x_wconf 84' lang='lat' dir='ltr'>scripsisse,</span> <span class='ocrx_word' id='word_1_50' title='bbox 1218 1411 1309 1481; x_wconf 87' lang='lat' dir='ltr'>quas</span> 
     </span>
     <span class='ocr_line' id='line_1_11' title="bbox 267 1489 1308 1585; baseline 0 -23"><span class='ocrx_word' id='word_1_51' title='bbox 267 1495 382 1585; x_wconf 85' lang='lat' dir='ltr'>egerit</span> <span class='ocrx_word' id='word_1_52' title='bbox 406 1492 577 1582; x_wconf 81' lang='lat' dir='ltr'>Aesopus</span> <span class='ocrx_word' id='word_1_53' title='bbox 610 1492 815 1582; x_wconf 85' lang='lat' dir='ltr'>tragoedus.</span> <span class='ocrx_word' id='word_1_54' title='bbox 866 1489 960 1562; x_wconf 89' lang='lat' dir='ltr'>Nam</span> <span class='ocrx_word' id='word_1_55' title='bbox 993 1491 1171 1562; x_wconf 89' lang='lat' dir='ltr'>sententia</span> <span class='ocrx_word' id='word_1_56' title='bbox 1210 1492 1308 1562; x_wconf 88' lang='lat' dir='ltr'>illius</span> 
     </span>
     <span class='ocr_line' id='line_1_12' title="bbox 265 1589 1308 1684; baseline 0 -20"><span class='ocrx_word' id='word_1_57' title='bbox 265 1595 338 1664; x_wconf 93' lang='lat' dir='ltr'>loci</span> <span class='ocrx_word' id='word_1_58' title='bbox 357 1594 449 1662; x_wconf 85' lang='lat' dir='ltr'>haec</span> <span class='ocrx_word' id='word_1_59' title='bbox 470 1601 589 1684; x_wconf 85' lang='lat' dir='ltr'>potest</span> <span class='ocrx_word' id='word_1_60' title='bbox 610 1614 708 1662; x_wconf 86' lang='lat' dir='ltr'>esse:</span> <span class='ocrx_word' id='word_1_61' title='bbox 736 1591 796 1662; x_wconf 92' lang='lat' dir='ltr'>Ab</span> <span class='ocrx_word' id='word_1_62' title='bbox 815 1591 965 1684; x_wconf 82' lang='lat' dir='ltr'>Aesopo</span> <span class='ocrx_word' id='word_1_63' title='bbox 994 1603 1030 1663; x_wconf 91' lang='lat' dir='ltr'>et</span> <span class='ocrx_word' id='word_1_64' title='bbox 1043 1589 1178 1664; x_wconf 83' lang='lat' dir='ltr'>R&#39;oscio</span> <span class='ocrx_word' id='word_1_65' title='bbox 1206 1616 1308 1684; x_wconf 85' lang='lat' dir='ltr'>egre·</span> 
     </span>
     <span class='ocr_line' id='line_1_13' title="bbox 266 1695 1308 1786; baseline -0.001 -23"><span class='ocrx_word' id='word_1_66' title='bbox 266 1698 349 1786; x_wconf 85' lang='lat' dir='ltr'>giae</span> <span class='ocrx_word' id='word_1_67' title='bbox 375 1695 619 1764; x_wconf 85' lang='lat' dir='ltr'>tantummodo</span> <span class='ocrx_word' id='word_1_68' title='bbox 647 1700 749 1763; x_wconf 84' lang='lat' dir='ltr'>actae</span> <span class='ocrx_word' id='word_1_69' title='bbox 775 1704 859 1764; x_wconf 88' lang='lat' dir='ltr'>sunt</span> <span class='ocrx_word' id='word_1_70' title='bbox 877 1697 1043 1782; x_wconf 86' lang='lat' dir='ltr'>fabulae,</span> <span class='ocrx_word' id='word_1_71' title='bbox 1070 1716 1160 1786; x_wconf 89' lang='lat' dir='ltr'>quas</span> <span class='ocrx_word' id='word_1_72' title='bbox 1186 1699 1308 1785; x_wconf 80' lang='lat' dir='ltr'>repre-</span> 
     </span>
     <span class='ocr_line' id='line_1_14' title="bbox 266 1791 1308 1887; baseline 0 -21"><span class='ocrx_word' id='word_1_73' title='bbox 266 1791 424 1866; x_wconf 79' lang='lat' dir='ltr'>hendere</span> <span class='ocrx_word' id='word_1_74' title='bbox 455 1797 560 1866; x_wconf 88' lang='lat' dir='ltr'>nefas</span> <span class='ocrx_word' id='word_1_75' title='bbox 590 1803 663 1883; x_wconf 90' lang='lat' dir='ltr'>est;</span> <span class='ocrx_word' id='word_1_76' title='bbox 702 1805 810 1887; x_wconf 86' lang='lat' dir='ltr'>atque</span> <span class='ocrx_word' id='word_1_77' title='bbox 837 1819 884 1866; x_wconf 85' lang='lat' dir='ltr'>ex</span> <span class='ocrx_word' id='word_1_78' title='bbox 909 1797 1036 1866; x_wconf 89' lang='lat' dir='ltr'>barum</span> <span class='ocrx_word' id='word_1_79' title='bbox 1062 1817 1213 1866; x_wconf 90' lang='lat' dir='ltr'>numero</span> <span class='ocrx_word' id='word_1_80' title='bbox 1240 1796 1308 1866; x_wconf 90' lang='lat' dir='ltr'>At·</span> 
     </span>
     <span class='ocr_line' id='line_1_15' title="bbox 266 1897 1307 1990; baseline -0.002 -21"><span class='ocrx_word' id='word_1_81' title='bbox 266 1907 325 1969; x_wconf 86' lang='lat' dir='ltr'>tae</span> <span class='ocrx_word' id='word_1_82' title='bbox 357 1920 500 1990; x_wconf 88' lang='lat' dir='ltr'>quoque</span> <span class='ocrx_word' id='word_1_83' title='bbox 533 1905 679 1989; x_wconf 84' lang='lat' dir='ltr'>togatae</span> <span class='ocrx_word' id='word_1_84' title='bbox 712 1906 805 1967; x_wconf 91' lang='lat' dir='ltr'>sunt.</span> <span class='ocrx_word' id='word_1_85' title='bbox 857 1897 986 1988; x_wconf 89' lang='lat' dir='ltr'>ltaque</span> <span class='ocrx_word' id='word_1_86' title='bbox 1013 1897 1198 1980; x_wconf 80' lang='lat' dir='ltr'>abaltero</span> <span class='ocrx_word' id='word_1_87' title='bbox 1225 1907 1307 1967; x_wconf 90' lang='lat' dir='ltr'>utro</span> 
     </span>
     <span class='ocr_line' id='line_1_16' title="bbox 264 1998 1307 2094; baseline -0.002 -24"><span class='ocrx_word' id='word_1_88' title='bbox 264 2002 430 2094; x_wconf 85' lang='lat' dir='ltr'>quidem,</span> <span class='ocrx_word' id='word_1_89' title='bbox 457 2006 520 2069; x_wconf 88' lang='lat' dir='ltr'>aut</span> <span class='ocrx_word' id='word_1_90' title='bbox 545 2001 590 2069; x_wconf 92' lang='lat' dir='ltr'>ab</span> <span class='ocrx_word' id='word_1_91' title='bbox 611 1998 762 2089; x_wconf 90' lang='lat' dir='ltr'>Aesopo</span> <span class='ocrx_word' id='word_1_92' title='bbox 789 2007 899 2068; x_wconf 83' lang='lat' dir='ltr'>outa</span> <span class='ocrx_word' id='word_1_93' title='bbox 924 1999 1080 2085; x_wconf 88' lang='lat' dir='ltr'>Roscio,</span> <span class='ocrx_word' id='word_1_94' title='bbox 1114 2007 1217 2069; x_wconf 89' lang='lat' dir='ltr'>actae</span> <span class='ocrx_word' id='word_1_95' title='bbox 1243 2021 1307 2089; x_wconf 93' lang='lat' dir='ltr'>pu·</span> 
     </span>
     <span class='ocr_line' id='line_1_17' title="bbox 265 2100 1306 2193; baseline 0 -21"><span class='ocrx_word' id='word_1_96' title='bbox 265 2104 397 2172; x_wconf 83' lang='lat' dir='ltr'>tardae</span> <span class='ocrx_word' id='word_1_97' title='bbox 423 2108 524 2190; x_wconf 84' lang='lat' dir='ltr'>sunt3</span> <span class='ocrx_word' id='word_1_98' title='bbox 557 2100 702 2170; x_wconf 90' lang='lat' dir='ltr'>minime</span> <span class='ocrx_word' id='word_1_99' title='bbox 730 2123 817 2171; x_wconf 88' lang='lat' dir='ltr'>vero</span> <span class='ocrx_word' id='word_1_100' title='bbox 843 2102 1048 2172; x_wconf 86' lang='lat' dir='ltr'>necessario</span> <span class='ocrx_word' id='word_1_101' title='bbox 1076 2103 1122 2172; x_wconf 92' lang='lat' dir='ltr'>ab</span> <span class='ocrx_word' id='word_1_102' title='bbox 1142 2111 1306 2193; x_wconf 89' lang='lat' dir='ltr'>utroque.</span> 
     </span>
     <span class='ocr_line' id='line_1_18' title="bbox 266 2201 1307 2296; baseline -0.003 -21"><span class='ocrx_word' id='word_1_103' title='bbox 266 2201 374 2275; x_wconf 86' lang='lat' dir='ltr'>Vana</span> <span class='ocrx_word' id='word_1_104' title='bbox 406 2203 516 2295; x_wconf 83' lang='lat' dir='ltr'>igitur</span> <span class='ocrx_word' id='word_1_105' title='bbox 553 2203 660 2272; x_wconf 89' lang='lat' dir='ltr'>ctiam</span> <span class='ocrx_word' id='word_1_106' title='bbox 694 2209 795 2290; x_wconf 90' lang='lat' dir='ltr'>sunt,</span> <span class='ocrx_word' id='word_1_107' title='bbox 836 2225 928 2294; x_wconf 88' lang='lat' dir='ltr'>quae</span> <span class='ocrx_word' id='word_1_108' title='bbox 961 2206 1099 2296; x_wconf 80' lang='lat' dir='ltr'>profert</span> <span class='ocrx_word' id='word_1_109' title='bbox 1130 2201 1307 2272; x_wconf 84' lang='lat' dir='ltr'>Wolt&#39;fius</span> 
     </span>
     <span class='ocr_line' id='line_1_19' title="bbox 266 2302 1306 2396; baseline -0.003 -20"><span class='ocrx_word' id='word_1_110' title='bbox 266 2307 312 2376; x_wconf 91' lang='lat' dir='ltr'>de</span> <span class='ocrx_word' id='word_1_111' title='bbox 346 2303 505 2376; x_wconf 75' lang='lat' dir='ltr'>canticis</span> <span class='ocrx_word' id='word_1_112' title='bbox 537 2305 575 2373; x_wconf 90' lang='lat' dir='ltr'>in</span> <span class='ocrx_word' id='word_1_113' title='bbox 608 2302 713 2374; x_wconf 88' lang='lat' dir='ltr'>Rom.</span> <span class='ocrx_word' id='word_1_114' title='bbox 746 2305 820 2376; x_wconf 84' lang='lat' dir='ltr'>fab.</span> <span class='ocrx_word' id='word_1_115' title='bbox 853 2327 952 2375; x_wconf 88' lang='lat' dir='ltr'>scen.</span> <span class='ocrx_word' id='word_1_116' title='bbox 980 2328 1013 2396; x_wconf 92' lang='lat' dir='ltr'>p.</span> <span class='ocrx_word' id='word_1_117' title='bbox 1039 2306 1103 2378; x_wconf 86' lang='lat'>15:</span> <span class='ocrx_word' id='word_1_118' title='bbox 1144 2303 1306 2393; x_wconf 82' lang='lat' dir='ltr'>„Horat</span> 
     </span>
     <span class='ocr_line' id='line_1_20' title="bbox 264 2404 1306 2500; baseline -0.003 -21"><span class='ocrx_word' id='word_1_119' title='bbox 264 2406 357 2498; x_wconf 83' lang='lat' dir='ltr'>Epp.</span> <span class='ocrx_word' id='word_1_120' title='bbox 384 2407 427 2493; x_wconf 81' lang='lat'>2,</span> <span class='ocrx_word' id='word_1_121' title='bbox 456 2407 498 2493; x_wconf 89' lang='lat'>1,</span> <span class='ocrx_word' id='word_1_122' title='bbox 525 2405 575 2477; x_wconf 87' lang='grc'>79</span> <span class='ocrx_word' id='word_1_123' title='bbox 608 2407 653 2475; x_wconf 91' lang='lat' dir='ltr'>ab</span> <span class='ocrx_word' id='word_1_124' title='bbox 686 2406 871 2496; x_wconf 84' lang='lat' dir='ltr'>Aesopo</span> <span class='ocrx_word' id='word_1_125' title='bbox 906 2414 942 2477; x_wconf 92' lang='lat' dir='ltr'>et</span> <span class='ocrx_word' id='word_1_126' title='bbox 967 2404 1137 2478; x_wconf 86' lang='lat' dir='ltr'>Roscio</span> <span class='ocrx_word' id='word_1_127' title='bbox 1163 2406 1306 2500; x_wconf 81' lang='lat' dir='ltr'>fabulas</span> 
     </span>
     <span class='ocr_line' id='line_1_21' title="bbox 266 2507 1306 2600; baseline -0.001 -23"><span class='ocrx_word' id='word_1_128' title='bbox 266 2508 407 2586; x_wconf 76' lang='lat' dir='ltr'>Quintii</span> <span class='ocrx_word' id='word_1_129' title='bbox 432 2507 544 2578; x_wconf 89' lang='lat' dir='ltr'>Attae</span> <span class='ocrx_word' id='word_1_130' title='bbox 577 2517 677 2576; x_wconf 88' lang='lat' dir='ltr'>actas</span> <span class='ocrx_word' id='word_1_131' title='bbox 706 2514 875 2596; x_wconf 65' lang='lat' dir='ltr'>testatum</span> <span class='ocrx_word' id='word_1_132' title='bbox 914 2531 1020 2600; x_wconf 90' lang='lat' dir='ltr'>quem</span> <span class='ocrx_word' id='word_1_133' title='bbox 1045 2509 1173 2579; x_wconf 88' lang='lat' dir='ltr'>Attam</span> <span class='ocrx_word' id='word_1_134' title='bbox 1196 2530 1306 2599; x_wconf 73' lang='lat' dir='ltr'>quein-</span> 
     </span>
     <span class='ocr_line' id='line_1_22' title="bbox 265 2609 1305 2703; baseline 0 -25"><span class='ocrx_word' id='word_1_135' title='bbox 265 2632 373 2702; x_wconf 85' lang='lat' dir='ltr'>quam</span> <span class='ocrx_word' id='word_1_136' title='bbox 404 2609 549 2680; x_wconf 86' lang='lat' dir='ltr'>fabulas</span> <span class='ocrx_word' id='word_1_137' title='bbox 583 2631 603 2678; x_wconf 89' lang='lat' dir='ltr'>e</span> <span class='ocrx_word' id='word_1_138' title='bbox 637 2610 904 2678; x_wconf 81' lang='lat' dir='ltr'>comoediarum</span> <span class='ocrx_word' id='word_1_139' title='bbox 938 2612 1055 2682; x_wconf 86' lang='lat' dir='ltr'>classe</span> <span class='ocrx_word' id='word_1_140' title='bbox 1092 2619 1128 2680; x_wconf 89' lang='lat' dir='ltr'>et</span> <span class='ocrx_word' id='word_1_141' title='bbox 1161 2631 1305 2703; x_wconf 82' lang='lat' dir='ltr'>genere,</span> 
     </span>
     <span class='ocr_line' id='line_1_23' title="bbox 254 2711 1306 2806; baseline -0.001 -24"><span class='ocrx_word' id='word_1_142' title='bbox 254 2718 466 2804; x_wconf 72' lang='lat' dir='ltr'>togatam,</span> <span class='ocrx_word' id='word_1_143' title='bbox 494 2711 741 2800; x_wconf 82' lang='lat' dir='ltr'>composuisse</span> <span class='ocrx_word' id='word_1_144' title='bbox 762 2712 914 2806; x_wconf 86' lang='lat' dir='ltr'>scimus,</span> <span class='ocrx_word' id='word_1_145' title='bbox 941 2714 1091 2803; x_wconf 88' lang='lat' dir='ltr'>propius</span> <span class='ocrx_word' id='word_1_146' title='bbox 1113 2721 1233 2782; x_wconf 85' lang='lat' dir='ltr'>tarnen</span> <span class='ocrx_word' id='word_1_147' title='bbox 1260 2712 1306 2781; x_wconf 89' lang='lat' dir='ltr'>ad</span> 
     </span>
     <span class='ocr_line' id='line_1_24' title="bbox 265 2811 1305 2905; baseline -0.003 -22"><span class='ocrx_word' id='word_1_148' title='bbox 265 2813 438 2905; x_wconf 78' lang='lat' dir='ltr'>tragicam</span> <span class='ocrx_word' id='word_1_149' title='bbox 471 2812 701 2882; x_wconf 86' lang='lat' dir='ltr'>severitatem</span> <span class='ocrx_word' id='word_1_150' title='bbox 726 2811 818 2883; x_wconf 89' lang='lat' dir='ltr'>haec</span> <span class='ocrx_word' id='word_1_151' title='bbox 844 2814 1008 2883; x_wconf 85' lang='lat' dir='ltr'>dramata</span> <span class='ocrx_word' id='word_1_152' title='bbox 1041 2816 1305 2885; x_wconf 84' lang='lat' dir='ltr'>accedebant.“</span> 
     </span>
     <span class='ocr_line' id='line_1_25' title="bbox 267 2914 1304 3006; baseline -0.001 -21"><span class='ocrx_word' id='word_1_153' title='bbox 267 2915 396 2993; x_wconf 74' lang='lat' dir='ltr'>Qualis</span> <span class='ocrx_word' id='word_1_154' title='bbox 417 2914 528 2985; x_wconf 83' lang='lat' dir='ltr'>fuerit</span> <span class='ocrx_word' id='word_1_155' title='bbox 550 2921 754 3006; x_wconf 85' lang='lat' dir='ltr'>togatarum</span> <span class='ocrx_word' id='word_1_156' title='bbox 779 2917 974 3006; x_wconf 84' lang='lat' dir='ltr'>severitas,</span> <span class='ocrx_word' id='word_1_157' title='bbox 1001 2938 1068 2987; x_wconf 90' lang='lat' dir='ltr'>suo</span> <span class='ocrx_word' id='word_1_158' title='bbox 1089 2917 1171 2986; x_wconf 91' lang='lat' dir='ltr'>loco</span> <span class='ocrx_word' id='word_1_159' title='bbox 1199 2939 1222 2986; x_wconf 90' lang='lat' dir='ltr'>a</span> <span class='ocrx_word' id='word_1_160' title='bbox 1242 2937 1304 2984; x_wconf 91' lang='lat' dir='ltr'>no·</span> 
     </span>
     <span class='ocr_line' id='line_1_26' title="bbox 264 3019 722 3090; baseline -0.002 -2"><span class='ocrx_word' id='word_1_161' title='bbox 264 3019 322 3089; x_wconf 89' lang='lat' dir='ltr'>bis</span> <span class='ocrx_word' id='word_1_162' title='bbox 347 3019 629 3090; x_wconf 87' lang='lat' dir='ltr'>demonstratum</span> <span class='ocrx_word' id='word_1_163' title='bbox 657 3023 722 3088; x_wconf 87' lang='lat' dir='ltr'>est.</span> 
     </span>
    </p>
   </div>
   <div class='ocr_carea' id='block_1_6' title="bbox 688 3217 891 3232">
    <p class='ocr_par' dir='ltr' id='par_1_6' title="bbox 688 3217 891 3232">
     <span class='ocr_line' id='line_1_27' title="bbox 688 3217 891 3232; baseline -0.01 0"><span class='ocrx_word' id='word_1_164' title='bbox 688 3217 891 3232; x_wconf 63' lang='grc' dir='ltr'>-μ--ιι</span> 
     </span>
    </p>
   </div>
   <div class='ocr_carea' id='block_1_7' title="bbox 578 3371 993 3566">
    <p class='ocr_par' dir='ltr' id='par_1_7' title="bbox 578 3371 993 3566">
     <span class='ocr_line' id='line_1_28' title="bbox 578 3371 993 3432; baseline 0.002 -2"><span class='ocrx_word' id='word_1_165' title='bbox 578 3371 993 3432; x_wconf 69' lang='lat' dir='ltr'>sublatura</span> 
     </span>
     <span class='ocr_line' id='line_1_29' title="bbox 772 3510 794 3566; baseline 0 0"><span class='ocrx_word' id='word_1_166' title='bbox 772 3510 794 3566; x_wconf 92' lang='grc' dir='ltr'>Ι.</span> 
     </span>
    </p>
   </div>
   <div class='ocr_carea' id='block_1_8' title="bbox 264 3626 1307 4046">
    <p class='ocr_par' dir='ltr' id='par_1_8' title="bbox 264 3626 1307 4046">
     <span class='ocr_line' id='line_1_30' title="bbox 351 3626 1306 3708; baseline 0 -22"><span class='ocrx_word' id='word_1_167' title='bbox 351 3626 459 3686; x_wconf 81' lang='lat' dir='ltr'>Gellius</span> <span class='ocrx_word' id='word_1_168' title='bbox 480 3626 541 3684; x_wconf 86' lang='lat' dir='ltr'>l’ll.</span> <span class='ocrx_word' id='word_1_169' title='bbox 564 3633 599 3687; x_wconf 83' lang='lat'>9:</span> <span class='ocrx_word' id='word_1_170' title='bbox 631 3626 827 3704; x_wconf 84' lang='lat' dir='ltr'>„Poposci,</span> <span class='ocrx_word' id='word_1_171' title='bbox 858 3627 1044 3700; x_wconf 86' lang='lat' dir='ltr'>momordi,</span> <span class='ocrx_word' id='word_1_172' title='bbox 1074 3627 1224 3708; x_wconf 77' lang='lat' dir='ltr'>pupugi,</span> <span class='ocrx_word' id='word_1_173' title='bbox 1254 3647 1306 3686; x_wconf 88' lang='lat' dir='ltr'>ou·</span> 
     </span>
     <span class='ocr_line' id='line_1_31' title="bbox 266 3710 1306 3792; baseline 0.003 -24"><span class='ocrx_word' id='word_1_174' title='bbox 266 3711 364 3769; x_wconf 89' lang='lat' dir='ltr'>curri</span> <span class='ocrx_word' id='word_1_175' title='bbox 385 3710 568 3789; x_wconf 84' lang='lat' dir='ltr'>probabiliter</span> <span class='ocrx_word' id='word_1_176' title='bbox 589 3710 644 3769; x_wconf 91' lang='lat' dir='ltr'>dici</span> <span class='ocrx_word' id='word_1_177' title='bbox 665 3712 810 3783; x_wconf 74' lang='lat' dir='ltr'>videntur-3</span> <span class='ocrx_word' id='word_1_178' title='bbox 837 3719 921 3792; x_wconf 86' lang='lat' dir='ltr'>atque</span> <span class='ocrx_word' id='word_1_179' title='bbox 943 3712 983 3770; x_wconf 88' lang='lat' dir='ltr'>ita</span> <span class='ocrx_word' id='word_1_180' title='bbox 1005 3731 1079 3770; x_wconf 85' lang='lat' dir='ltr'>nuuc</span> <span class='ocrx_word' id='word_1_181' title='bbox 1100 3732 1197 3770; x_wconf 86' lang='lat' dir='ltr'>omnes</span> <span class='ocrx_word' id='word_1_182' title='bbox 1218 3710 1306 3771; x_wconf 84' lang='lat' dir='ltr'>ferme</span> 
     </span>
     <span class='ocr_line' id='line_1_32' title="bbox 266 3795 1306 3864; baseline 0.003 -12"><span class='ocrx_word' id='word_1_183' title='bbox 266 3795 409 3853; x_wconf 86' lang='lat' dir='ltr'>doctiores</span> <span class='ocrx_word' id='word_1_184' title='bbox 430 3795 586 3854; x_wconf 89' lang='lat' dir='ltr'>huiusmodi</span> <span class='ocrx_word' id='word_1_185' title='bbox 608 3796 701 3856; x_wconf 88' lang='lat' dir='ltr'>verbis</span> <span class='ocrx_word' id='word_1_186' title='bbox 722 3803 848 3855; x_wconf 87' lang='lat' dir='ltr'>utuntur.</span> <span class='ocrx_word' id='word_1_187' title='bbox 885 3797 943 3856; x_wconf 87' lang='lat' dir='ltr'>Sed</span> <span class='ocrx_word' id='word_1_188' title='bbox 966 3797 1002 3864; x_wconf 73' lang='lat' dir='ltr'>Q.</span> <span class='ocrx_word' id='word_1_189' title='bbox 1024 3797 1132 3856; x_wconf 79' lang='lat' dir='ltr'>Ennius</span> <span class='ocrx_word' id='word_1_190' title='bbox 1154 3796 1181 3854; x_wconf 90' lang='lat' dir='ltr'>in</span> <span class='ocrx_word' id='word_1_191' title='bbox 1205 3797 1306 3857; x_wconf 84' lang='lat' dir='ltr'>Satiris</span> 
     </span>
     <span class='ocr_line' id='line_1_33' title="bbox 265 3879 1307 3960; baseline 0.002 -22"><span class='ocrx_word' id='word_1_192' title='bbox 265 3879 496 3940; x_wconf 84' lang='lat' dir='ltr'>momorderit</span> <span class='ocrx_word' id='word_1_193' title='bbox 522 3880 608 3955; x_wconf 85' lang='lat' dir='ltr'>dixit,</span> <span class='ocrx_word' id='word_1_194' title='bbox 639 3899 689 3960; x_wconf 89' lang='lat' dir='ltr'>per</span> <span class='ocrx_word' id='word_1_195' title='bbox 710 3900 726 3939; x_wconf 93' lang='lat' dir='ltr'>e</span> <span class='ocrx_word' id='word_1_196' title='bbox 748 3881 884 3958; x_wconf 86' lang='lat' dir='ltr'>litteram,</span> <span class='ocrx_word' id='word_1_197' title='bbox 918 3902 975 3940; x_wconf 87' lang='lat' dir='ltr'>non</span> <span class='ocrx_word' id='word_1_198' title='bbox 1001 3881 1243 3942; x_wconf 83' lang='lat' dir='ltr'>momorderit</span> <span class='ocrx_word' id='word_1_199' title='bbox 1265 3915 1307 3927; x_wconf 85' lang='lat'>-</span> 
     </span>
     <span class='ocr_line' id='line_1_34' title="bbox 264 3965 969 4046; baseline 0 -22"><span class='ocrx_word' id='word_1_200' title='bbox 264 3965 455 4046; x_wconf 82' lang='lat' dir='ltr'>Pepugcro</span> <span class='ocrx_word' id='word_1_201' title='bbox 477 3983 567 4043; x_wconf 84' lang='lat' dir='ltr'>aeque</span> <span class='ocrx_word' id='word_1_202' title='bbox 588 3965 705 4025; x_wconf 86' lang='lat' dir='ltr'>Attalo</span> <span class='ocrx_word' id='word_1_203' title='bbox 727 3966 866 4027; x_wconf 84' lang='lat' dir='ltr'>Aedilicia</span> <span class='ocrx_word' id='word_1_204' title='bbox 887 3967 969 4046; x_wconf 90' lang='lat' dir='ltr'>dicit:</span> 
     </span>
    </p>
   </div>
   <div class='ocr_carea' id='block_1_9' title="bbox 265 4056 1307 4250">
    <p class='ocr_par' dir='ltr' id='par_1_9' title="bbox 265 4056 1307 4250">
     <span class='ocr_line' id='line_1_35' title="bbox 316 4056 947 4159; baseline -0.027 -21"><span class='ocrx_word' id='word_1_205' title='bbox 316 4066 393 4139; x_wconf 83' lang='lat' dir='ltr'>Sed</span> <span class='ocrx_word' id='word_1_206' title='bbox 418 4056 453 4136; x_wconf 84' lang='lat' dir='ltr'>si</span> <span class='ocrx_word' id='word_1_207' title='bbox 478 4089 674 4159; x_wconf 84' lang='lat' dir='ltr'>pepugero,</span> <span class='ocrx_word' id='word_1_208' title='bbox 701 4069 872 4140; x_wconf 59' lang='lat' dir='ltr'>matuatfc</span> <span class='ocrx_word' id='word_1_209' title='bbox 897 4109 947 4122; x_wconf 75' lang='grc'>..</span> 
     </span>
     <span class='ocr_line' id='line_1_36' title="bbox 265 4185 1307 4250; baseline -0.002 -4"><span class='ocrx_word' id='word_1_210' title='bbox 265 4187 360 4246; x_wconf 74' lang='lat' dir='ltr'>atta</span> <span class='ocrx_word' id='word_1_211' title='bbox 404 4185 454 4244; x_wconf 87' lang='lat' dir='ltr'>Sic</span> <span class='ocrx_word' id='word_1_212' title='bbox 474 4185 540 4246; x_wconf 84' lang='lat' dir='ltr'>libri</span> <span class='ocrx_word' id='word_1_213' title='bbox 558 4205 626 4245; x_wconf 80' lang='lat' dir='ltr'>mss.</span> <span class='ocrx_word' id='word_1_214' title='bbox 649 4187 770 4247; x_wconf 77' lang='lat' dir='ltr'>testibus</span> <span class='ocrx_word' id='word_1_215' title='bbox 790 4187 866 4247; x_wconf 81' lang='lat' dir='ltr'>Lud.</span> <span class='ocrx_word' id='word_1_216' title='bbox 887 4186 1026 4248; x_wconf 80' lang='lat' dir='ltr'>Gcrrioue</span> <span class='ocrx_word' id='word_1_217' title='bbox 1047 4189 1206 4250; x_wconf 79' lang='lat' dir='ltr'>Emendott</span> <span class='ocrx_word' id='word_1_218' title='bbox 1228 4191 1307 4250; x_wconf 75' lang='lat' dir='ltr'>l.14</span> 
     </span>
    </p>
   </div>
   <div class='ocr_carea' id='block_1_10' title="bbox 0 0 1470 4842">
    <p class='ocr_par' dir='ltr' id='par_1_10' title="bbox 0 0 1470 4842">
     <span class='ocr_line' id='line_1_37' title="bbox 0 0 1470 4842; baseline 0 1"><span class='ocrx_word' id='word_1_219' title='bbox 0 0 1470 4842; x_wconf 95' lang='lat' dir='ltr'> </span> 
     </span>
    </p>
   </div>
  </div>
 </body>
</html>
