2938 4848
269 377 327 456 51

269 552 467 626 iectoribus
499 552 718 624 collocutum
744 574 826 623 esse
852 553 1065 640 arbitratur,
1099 561 1137 624 et
1162 574 1210 626 cx
1234 574 1316 624 rer·

269 657 326 730 bis
359 656 478 728 allatis
511 657 668 747 colligit,
707 656 746 725 in
778 654 849 726 hac
881 663 1112 748 praetextata
1147 657 1317 726 consules

271 769 414 831 creatos
448 779 549 844 esse,
598 759 697 850 quod
735 759 874 828 factum
914 758 961 828 sit
1001 754 1154 827 Romae.
1208 757 1317 835 Quae

271 860 414 932 etiamsi
445 872 545 930 recte
577 859 687 930 statui
727 861 1028 945 concederemus,
1068 868 1190 930 tamen
1231 860 1317 930 inde

271 963 359 1033 nihil
385 961 486 1032 aliud
509 967 731 1054 sequeretur,
757 981 866 1052 quam
892 962 929 1030 in
954 961 1049 1032 Attii
1068 961 1186 1032 Bruto
1211 984 1315 1032 soac-

269 1087 355 1135 nam
382 1071 556 1134 mutatam'
582 1085 676 1150 esse,
701 1065 866 1150 minime,
892 1064 929 1134 in
955 1063 1123 1134 omnibus
1148 1070 1316 1155 praetex-

271 1167 374 1255 tatis,
400 1166 703 1258 quemadmodum
727 1166 766 1234 in
791 1164 1052 1236 Eumenidibus
1077 1163 1254 1256 Aeschyli
1279 1171 1318 1236 et

270 1269 388 1339 Aiace
415 1267 610 1358 Sophoclis
636 1289 771 1339 scaena
797 1274 967 1354 mutatur,
993 1268 1078 1338 licet
1102 1266 1316 1339 incaeteris

273 1391 399 1442 eorum
425 1370 626 1462 tragoediis
651 1391 724 1438 non
749 1369 812 1439 liat
837 1369 946 1440 idern.
978 1368 1033 1442 At
1057 1391 1104 1439 ne
1124 1369 1214 1439 illud
1238 1368 1315 1462 qui·

271 1473 352 1542 dem
379 1479 479 1541 recte
492 1473 702 1557 contendas,
729 1471 766 1540 in
781 1472 875 1541 Attii
890 1471 1007 1543 Bruto
1022 1492 1190 1542 scaenam
1204 1471 1315 1542 modo

272 1575 319 1644 ad
332 1573 497 1643 Ardeam
523 1575 632 1642 modo
653 1571 794 1644 Romae
813 1573 943 1644 fuisse.
983 1571 1079 1644 Nam
1094 1574 1209 1644 verba
1225 1571 1316 1650 Qui

270 1683 398 1744 recte
432 1676 663 1760 consulat,
707 1675 873 1746 consul
903 1675 1028 1746 cluat
1060 1676 1153 1745 adeo
1184 1674 1317 1746 melius

272 1778 449 1870 quadrant
481 1776 517 1846 in
551 1777 847 1847 deliberationem
872 1779 922 1858 de
945 1778 1068 1847 futura
1093 1776 1316 1867 reipublicae

272 1879 599 1964 administratione,
638 1900 732 1970 quae
765 1881 929 1969 profecto
962 1879 1000 1947 in
1032 1879 1161 1948 castris
1186 1878 1317 1948 haberi

271 1983 404 2072 potuit,
433 2003 540 2073 quam
566 1981 603 2050 in
629 1983 822 2051 consulum
844 1978 1077 2052 creationem.
1118 1978 1316 2052 Caeterum

272 2083 318 2153 dc
343 2082 413 2155 hac
436 2103 479 2152 re
503 2083 634 2171 sentio,
660 2094 701 2154 ut
726 2085 772 2152 de
797 2083 969 2174 temporis
993 2082 1245 2175 perpetuitate.

753 2249 829 2324 111.

374 2387 548 2458 Fabula
573 2390 785 2458 trabeata
811 2388 908 2458 dicta
933 2391 1177 2474 estatrabea,
1203 2395 1314 2480 togae

272 2487 393 2580 specie
409 2490 487 2584 119),
514 2511 621 2582 quam
639 2492 830 2581 gestabant
848 2513 955 2583 reges
970 2488 1218 2561 Romanorum
1233 2488 1313 2580 120),

273 2592 440 2662 consules
466 2593 596 2662 diebus
610 2593 846 2663 sollemnibus
854 2593 940 2688 121),
965 2613 1123 2683 augures
1131 2591 1211 2687 ¹²²),
1232 2591 1314 2661 salii

270 2693 367 2763 festo
402 2715 470 2764 suo
486 2693 570 2789 ¹²³),
605 2695 801 2785 praecipue
832 2715 922 2764 vero
956 2693 1095 2787 equites
1126 2693 1164 2763 in
1196 2703 1313 2764 trans·

361 2925 435 3006 119)
464 2926 590 2986 lsidorns
611 2928 691 3010 Orig.
709 2927 790 2989 XIX.
804 2935 860 2990 24:
892 2929 1037 3007 „Trabea
1058 2934 1120 2988 crat
1140 2935 1229 3010 togae
1249 2948 1312 3008 spe-

275 3011 334 3072 cies
362 3032 399 3071 ex
427 3032 550 3092 purpura
576 3020 606 3072 et
633 3020 754 3073 cocco.“
797 3015 878 3074 Vidd.
907 3021 1056 3094 praeterea
1081 3015 1145 3072 Ald.
1167 3014 1312 3074 Manutius

275 3099 310 3158 dc
337 3097 428 3178 Toga
456 3098 544 3170 mcd.;
586 3098 685 3159 θεῖον.
713 3099 862 3158 Ferrarius
890 3101 926 3159 de
956 3101 1002 3160 lle
1029 3107 1101 3160 vest.
1121 3099 1156 3158 ll.
1178 3103 1214 3174 b,
1245 3099 1312 3158 item

274 3183 403 3244 Analect.
426 3182 461 3243 de
482 3183 527 3242 ae
548 3189 620 3243 vest.
639 3183 688 3257 V.;
715 3183 899 3263 Dempstcrus
920 3185 1044 3264 Paralip.
1067 3184 1102 3244 ad
1123 3162 1312 3244 Rosiniirlu·

274 3268 379 3348 tiquitt.
401 3268 483 3328 Rom.
497 3268 530 3326 V.
543 3276 592 3329 32.
614 3301 656 3312 -
691 3266 1009 3348 1iolhivius1.41;
1048 3269 1164 3330 Ovidius
1193 3269 1271 3328 host.
1289 3267 1310 3328 l.

208 3345 211 3352 ¹
274 3361 330 3426 37,
360 3353 396 3410 ll.
414 3359 473 3414 503
492 3373 549 3434 sq.;
582 3352 693 3412 Plinius
720 3353 755 3413 Η.
783 3355 818 3412 N.
835 3355 909 3414 Vlll.
926 3360 983 3426 74,
1019 3353 1070 3412 lX.
1090 3362 1146 3426 633
1188 3353 1312 3412 lsidorur

275 3436 355 3518 Orig.
367 3437 448 3495 ΧΙΧ.
467 3444 517 3498 24.
537 3473 581 3482 —
614 3436 688 3519 121)
711 3438 847 3520 Vlrgilius
869 3440 939 3499 Aen.
955 3438 1016 3498 Vll.
1034 3447 1091 3498 611
1110 3457 1152 3517 sq.
1194 3437 1313 3498 Trabea

274 3541 327 3600 pro
349 3523 497 3581 consulatu
524 3523 638 3602 ponitur
665 3525 738 3603 apud
765 3524 949 3584 Claudianum
978 3522 1254 3594 indutiolam,
1282 3522 1311 3582 iu

275 3608 392 3686 llutrop.
412 3609 446 3666 11
468 3607 546 3668 Prol.
570 3616 623 3682 10,
655 3607 691 3668 dc
711 3609 832 3669 Laudih.
859 3609 950 3670 stilic.
969 3609 1004 3668 ll.
1019 3619 1054 3681 33
1086 3609 1162 3688 apud
1187 3609 1313 3686 Synna·

276 3692 356 3750 chum
379 3691 467 3770 Epist.
485 3692 536 3752 lX.
557 3699 627 3754 112.
650 3725 692 3740 ··-
729 3693 804 3775 121)
827 3694 981 3754 Suetonius
1003 3714 1048 3772 ap.
1070 3697 1152 3754 Seru.
1173 3692 1210 3752 ad
1230 3693 1312 3774 Virg-

276 3776 348 3837 Aen.
371 3776 433 3834 Vll.
457 3784 527 3840 611.
569 3776 613 3836 cf.
636 3779 672 3838 de
693 3799 832 3862 augurum
854 3779 968 3850 trabea,
990 3798 1063 3856 quae
1085 3777 1205 3836 diximus
1227 3797 1313 3858 supra

277 3881 342 3920 ann.
360 3869 410 3922 83.
432 3895 475 3905 -
508 3858 582 3942 123)
614 3863 769 3943 Dionysius
796 3864 887 3924 Halic.
914 3863 1064 3943 Antiquitt.
1091 3865 1173 3922 Rom.
1190 3861 1226 3921 ll.
1254 3869 1312 3924 70:

275 3931 394 4020 „Oritur
423 3939 531 4017 πάντες
558 3943 587 4006 oi
616 3941 715 4008 σάλιοι
739 3947 888 4026 χορευταί
909 3946 987 4020 τινές
1021 3947 1077 4009 εἶσι
1105 3946 1154 4008 καὶ
1182 3941 1314 4024 ὑμνηταὶ

275 4034 337 4090 τῶν
357 4029 502 4091 incultior
520 4032 612 4091 θεῶν.
652 4025 765 4115 Ἔορτὴ
787 4030 920 4094 δἀὗτῶν
939 4029 1002 4096 ἐστὶ
1016 4032 1090 4114 ’περὶ
1104 4029 1144 4094 τὰ
1153 4024 1313 4110 Ἀθήναια,

274 4117 319 4198 τῷ
347 4111 524 4198 καλουμένῳ
546 4116 683 4200 Μαρτίῳ
708 4117 797 4197 μηνὶ,
829 4113 998 4199 δημοτελὴς
1024 4117 1072 4180 ἐπὶ
1099 4111 1215 4188 πολλὰς
1239 4109 1315 4196 ἦμέ-

275 4221 333 4282 ρας
354 4197 497 4281 ἀγομένη,
519 4200 551 4262 ἐν
572 4193 621 4275 αἷς
637 4198 689 4262 διὰ
709 4205 765 4281 τῆς
785 4197 900 4277 πόλεως
920 4198 1027 4284 &aaut
1048 4197 1121 4276 τοὺς
1139 4193 1252 4283 gripone
1272 4195 1315 4272 εἴς
