2938 4848
147 591 230 643 nem
261 565 436 664 neglexit.
494 565 609 647 auor
638 565 750 660 igitur
780 567 827 640 nd
852 565 960 642 huius
983 565 1192 642 aunuum

148 671 294 766 genera
311 667 568 763 praestantiam
593 675 658 740 ant
676 667 851 740 vilitatem
876 669 1021 757 attinet,
1045 691 1193 742 sumere

147 773 289 861 lioebit,
315 779 353 844 et
372 771 602 862 planipedem
624 776 660 841 et
680 770 890 859 mimorum,
915 771 1060 864 proprie
1079 770 1193 844 dioto·

147 897 246 962 rum,
281 875 374 944 alios
393 873 508 944 fuisse
527 874 831 965 praestantiores,
864 873 956 944 alios
980 873 1141 944 viliores.

249 973 466 1066 Planipedia
507 996 532 1045 a
565 972 746 1046 Diomede
787 975 826 1044 in
859 975 1006 1046 fabulas
1039 973 1195 1046 Latinas
1235 1001 1237 1008 ·

147 1078 326 1164 refertur,
367 1084 408 1146 ut
439 1097 551 1166 supra
585 1075 753 1147 vidimus.
804 1075 924 1147 Huius
949 1077 1060 1168 igitur
1085 1099 1195 1169 argn-

148 1185 310 1252 mentum
336 1183 416 1248 erat
438 1176 666 1266 Romanum
703 1179 802 1270 quod
834 1178 943 1248 etiam
974 1180 1061 1249 inde
1093 1177 1194 1250 eolli-

149 1303 237 1374 gere
270 1281 375 1366 lieet,
415 1281 510 1371 quod
543 1277 754 1371 planipedes
787 1278 1019 1376 rioiuiati³³)‚
1058 1280 1096 1350 id
1126 1288 1194 1368 est,

148 1389 254 1453 veste
272 1380 440 1453 Romana
465 1381 600 1466 induti,
627 1381 835 1452 actitabant.
886 1378 1006 1452 Porro
1031 1381 1195 1474 planipes

149 1484 187 1554 iu
220 1483 335 1556 Attae
365 1483 511 1570 fabula,
552 1502 645 1574 quae
676 1481 861 1554 Aedilicia
892 1490 973 1553 erut
1008 1483 1194 1578 inscripta,

149 1593 272 1678 portes
297 1587 473 1679 quasdam
496 1579 695 1680 habuitil).
746 1585 862 1676 Atqui
885 1583 979 1656 haee
1002 1584 1115 1656 Attae
1139 1586 1195 1656 lu·

150 1688 255 1774 bula,
287 1695 329 1757 ut
354 1709 403 1758 ex
427 1686 532 1758 titulo
559 1684 638 1755 eius
663 1692 833 1776 apparet,
866 1693 903 1754 et
928 1708 977 1757 ex
1002 1707 1067 1774 eo,
1097 1687 1196 1781 qnod

150 1789 209 1860 hio
222 1793 334 1879 putta
355 1795 498 1882 togatas
519 1787 767 1858 tantummodo
787 1787 931 1859 fabulas
948 1789 1198 1879 composuisse

151 1891 325 1978 traditur,
365 1897 492 1982 togata
517 1895 615 1975 erat,
653 1888 793 1975 idest,
834 1896 1086 1981 argumentum
1117 1891 1197 1962 eius

20 2075 23 2086 Ἰ
152 1998 231 2063 eret
254 1989 471 2062 Romanum.
522 1989 651 2082 Inepte
683 2012 772 2082 ergo
805 1997 1042 2078 statueretur,
1082 1991 1197 2082 pluni-

151 2093 283 2188 pedem
315 2093 353 2163 in
387 2114 431 2163 ea
465 2092 576 2179 alios,
612 2113 657 2162 ao
680 2089 871 2164 Romanos
899 2113 1019 2162 mores
1050 2113 1197 2184 reprae-

153 2194 366 2266 sentavisse.
418 2192 608 2265 Pertinent
631 2193 743 2285 igitur
767 2193 840 2263 hue
866 2215 914 2264 ex
933 2192 1082 2264 Laberii
1108 2195 1199 2266 alio·

151 2316 305 2390 rumque
336 2295 456 2366 mimis
486 2296 531 2382 ii,
574 2316 727 2387 quorum
752 2294 846 2365 tituli
870 2296 1015 2366 fabulas
1040 2295 1200 2368 Romani

153 2398 357 2492 argumenti
392 2399 567 2489 produnt,
603 2403 643 2466 ut
677 2395 838 2489 Aquae
875 2397 1054 2484 caldae,
1090 2419 1199 2490 quam

153 2501 317 2572 fabulam
342 2522 392 2570 ex
407 2499 520 2570 Attae
535 2504 662 2590 togata
678 2498 841 2569 eiusdem
866 2498 1108 2591 inseriptionis
1135 2521 1198 2573 ex·

153 2623 319 2695 pressam
350 2601 467 2672 fuisse
504 2623 579 2670 non
619 2606 756 2670 temere
794 2600 986 2688 coniicias,
1025 2598 1200 2694 Augur,

153 2726 228 2799 quo
259 2702 405 2774 nomine
430 2702 609 2774 Munius
641 2707 679 2772 et
703 2698 930 2794 Pomponius
954 2701 1201 2778 Bononiensis

140 2806 300 2890 tabulas
325 2810 622 2896 composuerunt,
648 2799 946 2895 Compitalia,
980 2804 1040 2876 oni
1064 2827 1201 2898 eogno-

153 2905 289 2978 minem
334 2913 498 2998 togatam
550 2897 747 2995 sorip'serat
790 2905 988 2994 Afranius,
1045 2905 1200 2981 Luras

155 3009 390 3095 Avernus,
424 3005 766 3127 Staturnaliaffi)

256 3109 388 3180 Fuisse
414 3108 523 3179 etiam
550 3104 686 3180 Graeoi
712 3109 926 3230 argumenti
940 3108 1092 3197 ιιιίιιιοε,
1128 3110 1200 3200 pri·

155 3233 255 3282 muru
280 3231 363 3280 eum
388 3208 599 3281 Beaveusio
625 3211 802 3301 suspicari
826 3210 945 3302 possis
979 3233 1028 3280 ex
1050 3208 1201 3282 Ilionae·

156 3315 222 3400 de,
250 3314 329 3405 qui,
356 3312 498 3383 loeutus
524 3313 569 3384 de
590 3313 862 3404 planipedibus‚
889 3311 1091 3402 subiungit:
1124 3311 1202 3399 „Si

157 3436 248 3508 quas
283 3421 404 3483 tamen
438 3436 487 3484 ex
519 3415 637 3486 sooois
664 3416 809 3486 fabulas
840 3416 1022 3496 fecerant,
1061 3414 1202 3504 palliati

157 3516 482 3608 pronuntiabant.“
531 3515 577 3586 In
603 3517 734 3608 quibus
758 3514 1011 3603 BeuvensiuS,
1042 3515 1202 3590 animad-
1304 3503 1319 3534 ⁶

157 3625 323 3704 vertens,
364 3616 485 3687 losum
510 3639 593 3688 esse
619 3626 844 3711 corruptum,
861 3673 867 3681 .
884 3620 1014 3690 merito
1046 3640 1113 3708 pro
1147 3641 1203 3692 ex

159 3720 309 3790 sooois
331 3719 441 3788 soribi
462 3720 563 3790 iubet
589 3720 822 3811 exoticas3
854 3721 1009 3812 loeiq'ne,
1034 3719 1108 3791 hoo
1125 3743 1203 3792 mo·

160 3821 206 3889 do
233 3821 407 3908 restituti,
433 3822 681 3914 interpretatio
701 3822 794 3893 haee
815 3829 888 3895 est:
916 3821 961 3894 Si
975 3843 1066 3915 quas
1082 3830 1204 3894 tumen

242 4033 300 4118 es)
327 4035 390 4097 va
412 3997 516 4098 ram
538 4055 567 4098 v.
590 4039 785 4099 aesinam.
811 4073 854 4086 .-
883 4039 939 4122 ³4)
967 4041 1031 4100 va.
1052 4040 1207 4106 namma

161 4119 334 4266 mpgpw
349 4142 394 4202 ap
408 4123 525 4194 Puteoli.
547 4153 590 4168 ·-·
619 4122 673 4205 ³5)
696 4123 741 4185 cf.
763 4126 847 4186 Both.
865 4125 972 4186 (lomio.
985 4126 1052 4186 Lat.
1074 4122 1206 4208 fragam.

162 4225 190 4282 l·
285 4225 345 4284 sqq.
