2932 4842
237 341 320 422 tao

241 519 412 602 Pomponius
433 519 462 579 in
483 518 556 579 Lari
575 518 723 580 familiari:
748 521 818 582 tiro
840 526 894 592 to,
930 520 1065 593 Basse,
1088 539 1151 600 por
1171 522 1290 581 laotos

243 605 366 666 tuas.“'
395 605 514 665 liothius
537 605 573 665 ad
589 605 675 665 Nonii
695 607 787 665 locum
803 606 932 664 allatum:
956 606 1113 684 „Apparet
1136 605 1209 666 idem
1226 625 1290 667 esso

242 693 297 751 hoc
323 689 512 772 fragmentum
547 711 580 750 ac
601 691 806 762 Ferentinatis,
840 697 871 748 ut
893 691 995 768 duplici
1018 689 1131 749 nomine
1152 691 1290 771 iuscripta

243 775 330 836 fuerit
359 776 464 836 fabula.
512 775 614 835 Verior
643 781 736 834 autem
770 775 881 836 videtur
912 775 998 833 Nouii
1034 775 1175 854 scriptura
1207 795 1291 854 quam
1351 813 1354 818 -

243 861 416 922 Prisciani.“
458 861 503 919 De
523 861 606 919 titulo
629 861 693 922 vide
714 880 767 918 nos
789 861 817 918 in
839 858 897 918 fine
918 860 1000 918 huius
1023 858 1136 920 fabulae
1157 861 1290 939 reliquia-

244 967 314 1006 rum.
345 946 534 1005 Particula
564 953 594 1004 et
615 946 773 1004 sententiae
802 951 832 1003 et
853 945 934 1003 metri
956 945 1053 1026 gratia
1074 943 1290 1024 praeferendum

244 1031 365 1092 videtur.
407 1030 537 1090 Laetis
566 1030 705 1111 agnina
736 1051 774 1088 ex
800 1029 940 1088 Prisciani
968 1030 1077 1108 quidem
1104 1030 1199 1091 verbis
1232 1051 1289 1090 nou

246 1136 318 1196 opus
346 1122 390 1175 est
417 1117 556 1186 scribere,
591 1122 624 1173 ut
654 1136 691 1174 ex
719 1116 809 1173 altero
832 1116 911 1185 loeo,
945 1134 981 1173 ex
1005 1115 1161 1193 Pomponio
1184 1116 1289 1186 addito,

246 1209 373 1280 apparet.
418 1201 567 1278 Quumque
589 1199 795 1280 apudNoniurn
810 1200 938 1280 legamus
958 1199 1092 1258 Laetos
1115 1200 1290 1281 agninas,

248 1294 278 1346 et
298 1287 443 1367 singulare
465 1287 588 1356 lactis,
611 1286 694 1364 quod,
718 1292 850 1363 quantum
872 1284 942 1356 scio,
965 1284 1031 1342 alibi
1052 1305 1187 1363 nusquam
1210 1306 1291 1364 repe·

246 1371 327 1446 ritus,
350 1391 414 1429 num
436 1390 558 1448 unquam
580 1371 609 1429 in
630 1389 684 1428 usu
705 1369 791 1429 fuerit
813 1369 924 1427 dubium
946 1369 1036 1429 videri
1054 1370 1153 1448 possit,
1177 1367 1291 1430 omnino

248 1455 310 1516 iure
330 1456 460 1514 Bothium
481 1455 567 1514 Nouii
588 1455 753 1533 scripturam
777 1453 921 1532 praeferre
942 1461 1020 1532 puto.
1049 1455 1185 1514 Fortasse
1205 1456 1291 1515 libro·
1316 1515 1318 1519 ,

248 1540 318 1612 rius,
341 1561 424 1618 quum
445 1541 594 1618 Pomponii
615 1541 706 1598 locum
728 1539 851 1597 nondum
872 1539 1009 1620 legisset,
1035 1539 1176 1598 Prisciani
1197 1541 1292 1602 verbis

249 1625 400 1704 deceptus,
430 1626 548 1684 lactes
576 1625 620 1684 vel
648 1623 759 1683 lactis
789 1623 944 1705 agninas
972 1624 1132 1684 mutandum
1160 1625 1292 1704 opinatus

249 1717 295 1768 est
315 1710 343 1768 in
365 1709 474 1768 lactis
496 1709 645 1790 agnina,
676 1709 750 1786 quod
773 1709 887 1780 deinde,
911 1709 1020 1768 etiamsi
1038 1715 1073 1768 'se
1095 1729 1206 1771 errasse
1228 1732 1292 1771 seu-

249 1794 328 1867 serit‚
350 1813 387 1854 ne
408 1794 481 1854 liber
502 1793 750 1865 contaminaretur,
773 1795 918 1876 corrigere
940 1793 1041 1853 noluit.

747 1963 794 2021 lv.

335 2099 443 2158 Nonius
465 2120 493 2177 p
511 2102 572 2160 496
595 2099 639 2157 ed.
661 2099 764 2159 Mero:
798 2096 974 2170 „Genitivus
1000 2116 1083 2158 casus
1110 2097 1220 2179 positus
1239 2121 1293 2181 pro

252 2185 425 2246 accusativo.
470 2183 627 2242 Titinius
619 2204 648 2243 ιιι
670 2183 809 2243 Psaltria:
851 2220 862 2278 p

294 2268 472 2340 Dicistu,
501 2288 652 2347 quaeso,
680 2288 762 2348 quon
748 2267 1324 2343 nteavortistiamoifastidisat

294 2374 389 2415 meae
411 2354 601 2414 delicioe“

252 2439 424 2498 Psaltria.
453 2439 524 2498 Van.
545 2440 567 2497 l.
586 2439 622 2497 ll.
653 2438 720 2498 Par.
743 2438 939 2497 altera.—
967 2435 1079 2498 Dicis.
1108 2438 1174 2498 lun.
1202 2459 1293 2522 marg.

251 2523 326 2583 Dio.
342 2573 344 2579 .
361 2523 526 2584 Gulielmius
560 2524 677 2589 Quaest.
715 2523 744 2580 in
776 2523 870 2583 Plaut.
898 2522 964 2580 Cas.
986 2523 1035 2581 lll.
1078 2523 1143 2581 Dio
1169 2523 1229 2584 sis.
1251 2559 1294 2571 --

252 2627 321 2687 quo
354 2615 397 2668 te.
426 2609 489 2667 Ald.
518 2627 586 2686 quo
617 2628 635 2666 a
663 2614 708 2666 ta.
736 2639 778 2652 —
808 2627 915 2668 meae.
949 2607 1014 2666 Ald.
1041 2608 1108 2666 Bas.
1137 2609 1235 2688 Steph.
1262 2610 1294 2670 si

243 2692 593 2752 meae—deliciae.
622 2691 773 2756 Ven.l.ll.
796 2691 977 2752 laetitiae.
999 2692 1066 2752 Par.
1088 2692 1294 2755 letitiae.—

252 2777 372 2836 Bothius
394 2777 497 2836 edidit:

295 2895 338 2908 -
359 2861 500 2933 Dicito,
522 2864 670 2940 quaeso!
694 2862 770 2927 Quo
792 2869 827 2920 te
849 2861 1041 2922 avortistii

294 2947 397 3008 Mein’
420 2945 587 3018 fastidis,
609 2967 704 3006 meae
726 2946 902 3006 doliciael

252 3033 388 3092 Fortasse
409 3032 600 3091 scribendum:

301 3115 373 3190 Dic
398 3109 510 3204 istud,
538 3138 685 3209 quaeso.
726 3107 814 3192 (tud
840 3091 877 3185 te
903 3105 1090 3186 avortistii
1116 3113 1194 3188 Mei

302 3210 478 3306 aanoldis,
506 3241 609 3289 meae
623 3208 888 3288 deliciosi-

755 3403 788 3462 v.
847 3372 848 3378 ‘

339 3539 450 3600 Nonius
477 3560 504 3618 p.
519 3543 581 3601 504
610 3540 654 3599 od.
682 3539 786 3598 Mero:
814 3537 946 3611 „Lavit
972 3558 1024 3619 pro
1054 3540 1206 3602 lavata-
1226 3541 1296 3602 lude

256 3625 420 3730 imperativo
443 3625 525 3683 modo
548 3624 661 3685 lavite
682 3622 752 3683 facit
772 3623 929 3683 Titinius
921 3645 950 3682 ιιι
971 3624 1112 3686 Psaltria.

304 3693 451 3780 Manus
456 3686 576 3780 lavite
602 3699 776 3796 mdlieris,
804 3717 840 3779 et
866 3701 975 3800 caput
1001 3712 1035 3780 ei
1060 3701 1193 3782 veldte.
1197 3715 1222 3754 ‘⁶

254 3810 428 3870 mulieris.
457 3810 506 3870 Sic
532 3811 605 3870 libri.
628 3811 789 3892 Sclrcgkius
811 3811 971 3870 Praemess.
986 3811 1026 3873 X.
1053 3813 1232 3872 mulieres.
1254 3845 1297 3858 —-

255 3904 369 4042 οζιιξιιιὶιιἴ
384 3897 425 3956 ei.
452 3896 523 3956 Von.
544 3896 564 3954 l.
585 3897 620 3954 ll.
648 3896 711 3954 Ald.
741 3897 869 3976 rapite.
903 3897 997 3978 Vulgo
1026 3899 1156 3977 capita.
1177 3897 1296 3958 Bothius

254 4002 271 4041 c
311 4001 384 4040 ro:

295 4068 419 4126 Manus
440 4065 616 4136 lavitote‚
638 4066 822 4138 mulieres,
844 4073 880 4126 ct
900 4067 1021 4148 capita
1042 4068 1216 4128 valetote.

255 4153 348 4218 (luam
370 4152 537 4231 scripturam
559 4151 604 4212 vel
627 4151 715 4230 ipsius
736 4152 819 4212 Nonii
841 4153 929 4213 verba
949 4154 1091 4214 damnant.
