2938 4848
251 336 311 422 42

249 524 292 590 ut
315 503 447 610 postca
459 519 729 611 monstrabitur,
757 523 957 600 verendum
978 534 1048 615 est,
1072 533 1114 602 ut
1134 528 1294 605 delinitio

249 620 313 692 illa
338 623 385 694 ab
411 622 526 714 ipsius
550 622 726 696 Euantbii
749 649 859 700 manu
885 630 1052 720 profecta
1076 631 1135 704 sit.

349 804 519 901 Denique
544 831 618 880 non
643 811 941 886 dissimulandum
969 814 1144 904 arbitror,
1181 817 1293 888 etiam

246 905 307 980 Jo.
333 910 441 1002 Bapt.
470 909 655 983 casalium
681 923 717 983 et
742 912 769 985 J
773 916 818 986 ul.
842 912 950 986 Caes.
971 913 1220 1010 scaligerum,
1253 921 1292 990 in

247 1012 350 1082 cuius
383 1020 505 1102 partes
537 1016 665 1086 transit
699 1009 803 1088 Gisb.
831 1013 998 1108 cuperus
1007 1019 1091 1113 ¹⁵³),
1129 1042 1291 1108 censere,

246 1115 490 1186 tabernariam
516 1137 539 1186 a
564 1117 725 1186 tabernis
733 1166 744 1205 ,
778 1119 816 1187 in
836 1140 971 1188 scaena
993 1119 1199 1211 dispositis,
1224 1143 1290 1191 no·

245 1237 329 1286 men
354 1217 551 1308 accepisse.
602 1215 864 1314 casalius¹⁵⁴):
891 1219 1138 1308 „Tertium‚“
1164 1223 1289 1313 inquit,

245 1320 491 1404 „comoediae
533 1342 648 1410 genus
686 1321 833 1391 humilis
870 1322 1040 1392 fortunae
1081 1323 1290 1396 imitabatur

243 1419 410 1492 hominos
444 1423 574 1492 tunicis
605 1423 767 1508 indutos,
808 1445 876 1492 nec
904 1423 1064 1493 tunicata
1090 1425 1186 1498 dicta
1219 1436 1286 1514 est,

244 1524 310 1594 sed
343 1525 391 1592 ab
425 1523 640 1592 habitaculis
670 1524 866 1594 humilibus
899 1547 950 1596 ac.
977 1525 1157 1612 tabernis,
1194 1549 1288 1619 quae

244 1623 526 1712 disponebantur
543 1626 579 1694 iu
596 1648 724 1712 scena,
751 1627 958 1698 tabernaria
982 1634 1037 1698 est
1051 1629 1287 1718 nominata;“

243 1722 411 1816 Scaliger
419 1727 503 1816 155);
531 1724 734 1813 „Ultimum
756 1750 871 1820 genus
898 1728 1120 1822 (fabularum
1137 1729 1286 1800 Latina·

241 1826 338 1923 rum)
368 1829 534 1919 capiebat
559 1828 731 1900 humilem
755 1833 938 1902 fortunam
963 1833 1191 1924 popularium
1222 1855 1286 1908 ue·

241 1929 424 2020 gotiorum
449 1954 530 2001 cum
557 1932 686 2002 tunicis
712 1942 867 2004 tantum:
905 1955 1000 2025 quae
1025 1942 1146 2002 tamen
1170 1934 1286 2004 baud-

240 2053 419 2124 quaquam
445 2032 649 2103 Tunicatae
675 2036 803 2105 eadem
827 2035 986 2122 ratione,
1019 2037 1085 2104 sed
1112 2037 1158 2106 ab
1183 2035 1285 2106 habi·

240 2135 370 2204 taculis
402 2157 534 2205 nomen
566 2135 718 2226 adeptae
744 2147 838 2208 sunt.
885 2137 995 2228 igitur
1020 2135 1285 2224 Tabernariac,

241 2237 339 2328 quod
366 2259 448 2307 cum
473 2238 631 2308 tabernis
658 2260 790 2308 scenae
811 2239 1107 2329 disponebantur.
1119 2246 1142 2282 ‘⁶
1193 2239 1285 2310 Sino

239 2339 316 2408 ulla
340 2347 462 2410 autem
487 2340 740 2430 probabilitate
764 2339 929 2412 homines
955 2343 1202 2412 tantummodo
1228 2348 1284 2413 tu·

238 2440 379 2511 nicatos
411 2443 449 2510 in
482 2441 538 2510 his
562 2441 697 2513 fabulis
722 2450 1014 2533 repraesentatos
1040 2462 1123 2514 csse
1149 2444 1283 2518 dieunt.

238 2540 335 2612 Nam
369 2543 437 2614 etsi
468 2544 723 2634 pauperiores,
765 2566 872 2636 quam
905 2545 968 2637 qui
999 2554 1123 2636 togam
1162 2567 1282 2615 enuere

238 2651 404 2734 possent,
446 2645 603 2714 tunicam
628 2651 764 2714 tantum
792 2648 1002 2738 gestabant3
1042 2656 1161 2716 tamen
1188 2647 1282 2717 eius-

238 2747 337 2814 modi
357 2744 521 2817 homines
548 2768 622 2816 non
647 2749 747 2816 solos
772 2749 811 2818 in
830 2749 966 2818 fabulis
991 2749 1204 2818 tabernariis
1230 2750 1282 2819 in·

178 2881 180 2884 ·
237 2850 424 2918 troductos
453 2871 554 2934 esse,
594 2847 786 2920 Diomedis
812 2858 848 2922 et
873 2850 975 2920 Festi
1001 2850 1206 2920 testimonia
1230 2851 1283 2920 al-

236 2949 312 3020 lata
344 2949 432 3022 satis
465 2973 645 3042 superque
679 2952 822 3024 docent.
879 2950 1009 3045 Neque
1035 2953 1193 3023 dubitari
1214 2977 1281 3045 po·

236 3059 325 3138 test,
365 3053 397 3122 si
423 3053 572 3124 tunicati
598 3061 735 3124 tantum
760 3054 926 3124 homines
951 3056 989 3126 iu
1016 3055 1060 3124 iis
1085 3055 1310 3152 processis-v

1 3249 2 3260 ἵ
112 3203 118 3210 -
236 3163 337 3242 sent,
360 3156 446 3248 quin
463 3152 620 3226 Romani
637 3179 700 3226 eas
717 3158 896 3227 tunicatos
911 3157 1194 3246 appellavissent
1203 3155 1281 3252 166).

236 3258 286 3329 Ut
306 3258 417 3360 igitur
440 3280 532 3328 vera
558 3275 614 3329 cst
629 3257 788 3328 Ferrarii
797 3259 862 3354 161)
890 3259 1085 3344 sententia,
1113 3255 1281 3350 togarum

235 3382 342 3430 usum
368 3360 404 3429 in
430 3361 647 3433 tabernariis
671 3361 806 3450 fuisse,
840 3361 892 3430 ita
917 3383 965 3432 ex
986 3382 1115 3452 parum
1134 3383 1280 3454 perspe-

323 3580 396 3654 153)
425 3581 584 3641 Observatt.
609 3581 630 3640 l.
658 3589 705 3642 10.
731 3613 774 3626 -··
804 3578 878 3662 154)
902 3582 937 3640 de
958 3582 1054 3660 Trag.
1077 3587 1108 3639 ct
1129 3581 1208 3639 Com.
1231 3569 1278 3651 ΙΙ.)

237 3667 363 3726 Gronov.
386 3666 477 3724 Thes.
506 3666 647 3745 antiquitt.
677 3668 780 3726 Graec.
807 3667 847 3726 Τ.
865 3666 938 3726 Vlll.
961 3688 988 3745 p.
1004 3674 1094 3727 1606.
1127 3698 1169 3710 -
1203 3662 1278 3745 155)

235 3750 346 3810 Poetis.
369 3750 435 3810 l.7.
457 3783 499 3796 -
528 3751 603 3830 156)
627 3751 696 3810 Sine
716 3758 843 3812 vetorum
864 3751 1035 3811 auctoritato
1055 3750 1213 3811 Scbocllius
1229 3751 1280 3810 lli-

235 3835 324 3896 stoire
351 3834 475 3916 abregee
502 3837 537 3895 de
563 3838 591 3895 lo
619 3836 673 3895 litt.
696 3837 778 3894 Rom.
801 3837 841 3895 Τ.
854 3837 876 3896 Ι.
899 3857 926 3916 p.
941 3845 1017 3898 118:
1048 3835 1133 3907 „Les
1163 3834 1278 3896 auciens

236 3921 414 4003 distinguent
435 3921 506 3980 trois
528 3923 643 4000 aspices
660 3922 695 3980 de
717 3922 870 3992 comidior,
893 3927 939 4000 qu’
961 3921 996 3982 ils
1017 3921 1160 4000 appellent
1181 3940 1278 4000 prac-

235 4012 424 4080 tentatae,
447 4007 638 4066 trabeatae
659 4013 689 4065 ot
710 4006 938 4077 tunicatao;“
966 4015 996 4066 ct
1016 4006 1278 4066 Baehrius‘ilcscb.

235 4093 287 4152 der
306 4109 394 4152 roem.
418 4091 476 4152 bit.
498 4095 579 4172 pis
602 4110 660 4171 sq:
691 4091 912 4164 „Comoedia
938 4091 1103 4152 tunicata
1132 4091 1202 4152 odor
1228 4097 1278 4150 ta·

236 4177 440 4238 bernaria.“
462 4208 504 4222 -
532 4174 609 4257 157)
631 4177 667 4238 do
683 4178 728 4237 lio
748 4183 822 4238 rost.
843 4177 891 4236 lV.
910 4185 938 4238 1.
