2938 4848
1151 391 1208 470 ln

159 577 269 664 gntae
294 567 508 642 comoediae
533 567 764 656 dicebantur,
803 565 901 659 quod
926 565 1049 638 omnia
1079 567 1117 638 in
1142 589 1207 659 pu·

162 674 275 760 blino,
301 672 442 745 honore
463 674 635 758 confusa,
663 669 920 758 eemebantur3
945 691 1040 764 quae
1058 674 1208 762 togatae

160 782 290 866 postea
321 775 359 846 in
390 781 637 868 praetextatas
670 779 707 843 et
739 772 964 842 tabernarias
996 771 1206 844 divideban-

160 887 229 948 tur.
238 881 264 920 ‘⁴
324 875 419 948 Nam
451 897 569 968 neque
599 875 688 946 illud
714 874 903 965 probabile
930 879 1003 962 est,
1038 881 1206 964 praetex-

160 985 256 1050 tatas
288 1001 467 1072 unquam,
507 977 579 1048 nisi
603 978 650 1048 ab
675 975 881 1046 bominibus
911 975 1105 1066 imperitis,
1146 997 1206 1046 on·

158 1081 326 1152 moedias
350 1082 466 1152 dietas
493 1102 596 1166 esso,
630 1100 749 1171 neque
775 1087 934 1149 statuere
961 1078 1062 1163 lieet,
1101 1078 1206 1147 latio·

158 1205 237 1254 rem
273 1189 422 1274 togatae
460 1181 761 1274 significationem
800 1179 1039 1271 antiquiorem
1078 1181 1205 1265 fuisse,

159 1307 271 1376 quam
293 1284 552 1376 angustiorem,
576 1283 681 1376 quia,
708 1303 801 1375 quae
823 1287 967 1352 exstant
987 1281 1206 1366 testimonia,

158 1385 230 1468 hoe
250 1383 441 1458 Diomedis
468 1396 640 1476 excepto,
668 1384 790 1454 omnia
815 1382 1035 1454 eontrarium
1061 1385 1205 1454 docent.

156 1486 288 1581 Neque
321 1489 415 1560 adeo
440 1487 640 1560 serioribus
665 1485 885 1576 temporibus
917 1485 1207 1556 tabernariarum

157 1611 292 1662 nomen
317 1611 383 1680 pro
410 1597 617 1682 togatarum
641 1588 851 1680 angustiore
879 1586 1142 1678 significatione
1168 1587 1207 1658 iu

157 1711 387 1766 eommuuem
417 1690 588 1784 loquendi
612 1712 719 1762 usum
746 1695 933 1782 receptum
956 1688 1092 1776 fuisse,
1128 1695 1206 1760 tum
1304 1699 1316 1722 ·

158 1789 360 1864 Diomedes
385 1791 464 1885 ipse
485 1791 689 1884 profitetur,
716 1813 824 1884 qaum
852 1797 1013 1882 togatas,
1040 1792 1138 1882 quod
1159 1792 1206 1862 sit

158 1895 331 1986 generale
378 1917 536 1981 nomen,
591 1917 656 1986 pro
710 1893 926 1964 tabernariis
979 1915 1206 1964 communem

158 1995 394 2093 errorem¹⁷¹l
434 2019 612 2089 usurpare
642 2004 785 2083 namot,
827 2003 901 2064 tum
925 1991 1113 2080 Donatus,
1150 1999 1204 2065 lo·

158 2107 265 2190 gates
290 2121 314 2168 a
338 2099 520 2171 nonnullis
545 2098 771 2172 tabernarias
794 2095 920 2168 vocari
936 2096 1080 2184 dicens,
1106 2117 1204 2166 eom·

157 2202 302 2290 probat.

261 2317 386 2396 Quum
410 2341 501 2388 vero
534 2315 623 2387 nihil
656 2317 789 2386 certius
818 2335 900 2386 esse
925 2313 1057 2405 possit,
1096 2335 1205 2407 quam

159 2421 307 2490 easdem
332 2422 477 2492 fabulas
510 2423 555 2490 ab
589 2419 669 2489 aliis
695 2425 856 2511 togatas,
898 2418 943 2488 ab
978 2418 1058 2486 aliis
1084 2419 1203 2487 taber·

157 2522 281 2591 uarias
307 2523 422 2592 dietas
448 2543 548 2609 esse,
582 2521 608 2592 ii
633 2521 723 2607 loei,
761 2521 823 2590 ubi
849 2520 952 2588 iuxta
976 2520 1204 2591 tabernarias

157 2631 324 2715 togatae,
350 2632 391 2694 nt
417 2624 516 2694 aliud
530 2625 736 2694 fabularum
754 2643 887 2714 genus,
913 2628 1112 2712 ponuntur,
1141 2631 1205 2694 aut
1238 2677 1244 2710 ,

158 2727 204 2796 ab
236 2726 326 2817 ipsis
359 2727 567 2796 auctoribus
591 2727 679 2796 falsi
703 2725 875 2816 profecti,
913 2731 976 2792 aut
998 2748 1021 2794 a
1045 2725 1203 2796 librariis

158 2827 318 2918 corrupti
343 2828 494 2920 putandi
525 2835 628 2917 sunt3
667 2826 880 2919 praesertim
906 2847 1016 2918 quum
1040 2825 1203 2918 plerique

158 2951 284 2999 eorum
308 2952 382 2998 non
407 2931 526 3000 minus
546 2951 611 3019 per
637 2953 677 3000 se
703 2929 868 3019 ancipitis
888 2928 973 2998 fidei
998 2928 1201 3018 videantur,

156 3053 265 3123 quam
289 3038 499 3122 propterea,
528 3033 624 3124 quod
651 3053 732 3101 eum
758 3031 838 3101 aliis
863 3053 936 3100 non
962 3032 1200 3102 consentiunt.

257 3147 536 3248 Euanthiusffl)
573 3149 665 3220 haee
700 3149 828 3220 habet:
864 3147 996 3236 „Illud
1027 3171 1116 3218 vero
1149 3133 1201 3218 te-

158 3375 215 3428 est:
249 3369 461 3450 „Tragoedias
488 3369 598 3429 seilicet
619 3375 654 3430 ¹et
683 3368 845 3429 comoediae
875 3365 957 3426 initio
985 3367 1059 3446 apud
1079 3365 1204 3428 Latinos

158 3459 276 3534 togatae
297 3454 501 3514 dicebantur.“
531 3487 573 3499 -
606 3452 681 3536 171)
713 3453 771 3512 Pro
794 3451 986 3512 communis
1009 3472 1112 3512 error
1132 3453 1202 3512 Dio-

157 3541 252 3598 medes
273 3540 380 3598 reotius
402 3540 564 3618 scripsisset
585 3539 780 3599 eommunis
800 3538 973 3618 loquendi
994 3557 1089 3597 usur.
1133 3539 1202 3599 Pari

158 3624 270 3683 ratione
291 3624 431 3683 interdum
450 3625 577 3684 homines
599 3625 758 3696 tenuiores,
780 3625 828 3701 qui
850 3624 973 3686 civitatis
995 3623 1136 3703 principes
1158 3624 1202 3684 of-

156 3706 214 3768 ficii
235 3709 332 3790 gratia
354 3709 382 3768 in
404 3709 496 3768 forum
516 3709 707 3783 deducebant,
730 3730 765 3770 ae
781 3709 881 3768 deinde
899 3711 997 3768 domos
1017 3710 1200 3784 reducebant,

156 3792 223 3852 lieet
245 3793 293 3853 alii
315 3813 426 3874 quoqne
447 3803 545 3876 togam
566 3801 730 3876 gestarent,
767 3789 831 3854 κατ’
857 3787 963 3872 ἐξοχὴν
990 3795 1084 3874 togati
1105 3796 1200 3876 appel-

156 3877 295 3938 labantur.
338 3879 400 3938 vid.
423 3879 573 3939 Foreellin.
594 3877 669 3938 Lex.
697 3879 768 3960 ling.
798 3879 864 3939 Lat.
891 3900 918 3940 v.
940 3879 1119 3960 Togatus.
1163 3881 1202 3940 Et

157 3962 297 4022 Asconius
313 3962 475 4024 Paedianus
496 3987 524 4044 p.
541 3972 622 4026 1364
638 3986 682 4043 ap.
700 3963 830 4024 Gotlrofr.
852 3971 1029 4043 praetextam
1052 3972 1081 4023 et
1102 3972 1200 4046 togam

156 4045 197 4106 ita
217 4049 355 4127 exponit,
381 4069 416 4110 ao
441 4050 467 4108 si
487 4057 638 4128 praetexta
666 4070 720 4107 non
748 4048 836 4109 fuerit
856 4057 936 4130 toga.
980 4048 1199 4121 „Praetexta‚“

155 4130 260 4211 inquit,
288 4134 519 4206 „honestiorum
542 4142 613 4216 toga
633 4135 776 4206 viliorum3
804 4136 879 4214 quod
900 4135 984 4195 etiarn
1004 4134 1081 4194 eirea
1101 4135 1198 4194 mulie·

155 4235 202 4277 res
223 4218 399 4280 servabatur.
409 4226 428 4255 “
448 4253 491 4264 -
524 4219 598 4301 172)
627 4220 662 4278 de
682 4220 799 4281 raama.
