2940 4838
1072 350 1079 364 ’
1104 401 1186 480 ιιι

641 581 679 642 Χ.

227 703 391 764 Priscianus
412 702 460 762 Vl.
482 709 512 763 7.
535 705 586 762 35.
607 721 635 780 p.
653 705 715 762 694
736 719 782 778 ap.
803 697 937 760 Puteolis
960 698 1122 771 „Neuter
1142 731 1186 746 --

142 789 269 870 plerique
308 787 428 847 neutri
466 785 687 846 declinaverunt
742 783 799 843 Sed
829 784 948 842 Plautus
979 783 1008 842 in
1039 783 1185 844 Vidniaria

135 873 272 935 ¹Neutri
301 872 452 932 reddibo
481 870 553 929 dixit
581 870 718 940 dativum,
750 869 829 928 cuius
851 868 995 950 genitivus
1016 869 1185 929 neutrius

143 959 206 1019 sine
233 959 318 1017 dubio
345 963 404 1029 est3
437 955 562 1034 quamvis
578 953 770 1015 ,vetustissimi
792 954 903 1012 soleant
925 953 1045 1028 omniurn
1066 953 1095 1013 in
1128 953 1187 1013 ius

144 1043 351 1104 terminantium
378 1041 532 1122 genitivum
559 1046 589 1098 et
608 1039 638 1097 io
660 1039 669 1096 i
692 1039 813 1102 dativum
835 1039 919 1096 etiam
946 1037 1007 1097 ini
1029 1038 1186 1119 genitivum

144 1136 174 1188 et
201 1129 228 1186 in
258 1147 275 1184 o
298 1127 421 1186 dativum
447 1125 475 1182 in
497 1143 605 1205 genere
625 1123 777 1182 masculino
800 1129 829 1182 et
850 1129 967 1193 neutro,
1000 1123 1028 1180 in
1050 1121 1185 1183 feminino

143 1232 213 1274 vero
236 1211 387 1271 secundum
409 1209 523 1289 primam
546 1207 760 1266 declinationem
782 1208 810 1265 in
833 1227 873 1266 ae
897 1207 1098 1289 diphthongum
1119 1229 1186 1288 pro-

123 1287 230 1357 ierro.
258 1327 301 1341 -
331 1295 404 1374 ipsi
428 1313 482 1374 pro
504 1292 592 1372 ipsius
613 1290 748 1376 Afranius
772 1291 802 1350 in
823 1291 943 1351 Homine
962 1325 1019 1352 -.
1062 1293 1185 1354 Totae

145 1403 198 1462 pro
221 1381 318 1440 totius.
360 1380 435 1439 idern
455 1377 485 1437 in
508 1380 661 1456 Suspecta:

198 1483 306 1553 Adeo
333 1469 374 1550 sit
399 1486 435 1549 te
461 1480 573 1550 satias
599 1469 746 1569 eriperet
771 1484 869 1548 totae
893 1467 1101 1551 ftimiiiac.“

87 1615 89 1630 ¹
144 1597 312 1669 Putschius,
337 1597 385 1676 qui
406 1605 497 1656 tamen
520 1595 580 1676 ipse
601 1593 675 1654 infra
696 1594 744 1655 Vl.
764 1602 814 1657 18.
830 1601 880 1656 82.
903 1602 963 1672 Μ
969 1603 1017 1667 17,
1039 1595 1089 1655 obi
1110 1597 1183 1657 idem

145 1682 256 1743 Afranii
286 1702 385 1743 versus
416 1687 525 1752 exstat,
562 1689 640 1739 recte
669 1679 770 1750 edidit,
808 1686 850 1750 ct,
889 1685 1029 1758 quotquot
1059 1682 1185 1762 inspexit

145 1768 280 1827 Krcldius
301 1768 402 1837 libros,
435 1765 509 1844 typis
531 1763 705 1843 exscriptos,
738 1783 834 1824 omnes
856 1764 945 1822 Toti
976 1761 1038 1842 pro
1070 1767 1185 1827 totius

146 1861 176 1912 et
198 1853 267 1911 toti
288 1849 446 1910 familiae
468 1849 605 1920 offerunt3
634 1847 708 1927 quod
729 1848 891 1907 mendosum
914 1867 978 1907 esse
1000 1857 1029 1908 et
1044 1849 1185 1912 Prisciani

145 1937 234 2017 ipsius
255 1937 341 1996 verba
367 1937 519 1993 ostendunt
546 1941 575 1993 et
598 1934 710 1992 codices
731 1933 856 2006 linarii,
888 1940 1001 2012 praeter
1021 1935 1185 1996 Heidelber-

146 2041 263 2104 gennem
269 2067 278 2095 ,
306 2020 354 2098 qui
374 2019 459 2078 litura
480 2019 524 2080 uei
546 2037 645 2077 rasura
666 2025 814 2097 corruptus
837 2025 895 2090 est,
924 2016 1099 2080 consumant.

231 2217 371 2302 Suspecta
390 2221 501 2283 videtur
521 2219 609 2279 fuisse
630 2219 724 2299 puelia
744 2220 932 2292 adolescenti,
960 2221 1039 2282 euius
1060 2221 1183 2284 futurum

147 2313 210 2368 erat
230 2314 262 2366 ut
281 2306 365 2367 fieret
385 2307 499 2366 coniux.
521 2306 635 2386 Pregm.
657 2305 680 2363 1.

516 2590 815 2650 Tauro.

602 2719 664 2784 Ι1

201 2877 204 2883 .
230 2825 395 2887 Priscianus
418 2827 450 2886 V.
474 2835 502 2889 8.
524 2831 575 2888 44.
597 2848 625 2907 p.
644 2831 705 2889 658
727 2847 770 2906 sq.
798 2796 842 2906 ap.
863 2826 995 2887 Putsch.:
1033 2831 1126 2902 „flio
1152 2839 1184 2893 et

146 2911 239 3056 'ipseo
261 2918 291 2971 et
317 2912 380 2971 hoo
405 2931 530 2992 penus,
561 2919 590 2971 et
611 2913 675 2972 hoo
695 2931 826 2991 penum.
848 2945 890 2957 -
915 2911 1049 2974 Afranius
1069 2916 1099 2975 in
1121 2918 1183 2978 Ta·

183 3179 330 3252 ¹Manus
356 3183 479 3268 laeva,
516 3183 645 3252 dextra
670 3184 706 3252 in
732 3185 862 3274 penum
887 3183 1012 3254 herile.
1022 3191 1047 3229 ‘⁶
1080 3228 1121 3240 -

148 3298 312 3358 Taiiooe.
344 3299 407 3358 Duo
424 3300 504 3359 codd.
523 3291 620 3358 Kreld.
637 3301 810 3359 Toleone.
841 3301 912 3360 Edd.
930 3301 1000 3361 Ven.
1017 3304 1184 3369 Tolioue.

146 3415 190 3428 -
210 3382 313 3442 Bothio
334 3403 432 3445 versus
453 3385 530 3445 visus
552 3392 596 3443 est
616 3394 810 3463 asynartetus‚
838 3385 878 3444 sic
899 3387 1077 3446 scribendus:
1299 3403 1301 3408 ’

190 3467 274 3540 Vos,
306 3469 420 3546 quibu’
442 3469 542 3528 cordi
563 3477 618 3528 est
639 3470 736 3528 intra
758 3469 911 3529 tunicam
940 3477 1047 3530 manu'
1069 3473 1184 3548 laeva,

679 3556 830 3613 dextera
857 3555 892 3613 io
913 3576 1035 3634 penum
1059 3558 1185 3621 herile.

150 3636 284 3695 Fortasse
305 3644 397 3708 autem
419 3635 453 3695 ab
475 3636 629 3718 interprete
651 3639 773 3698 additum
795 3646 840 3698 est
859 3660 994 3713 manus,
1015 3648 1048 3700 ut
1061 3644 1186 3706 scriben-

149 3720 213 3778 dum
235 3721 286 3779 sit:

190 3804 276 3877 Vos,
304 3805 419 3884 quibu’
442 3806 541 3866 cordi
567 3813 624 3866 est
650 3805 748 3866 intra
775 3806 933 3867 tunicam
954 3809 1076 3884 laeve,
1106 3813 1187 3876 dex·

679 3899 760 3951 tera
784 3892 818 3950 in
847 3912 970 3972 penum
997 3896 1125 3958 herile.

152 3972 245 4032 Verba
266 3975 303 4032 Ιιι
325 3993 448 4052 penum
469 3974 584 4034 herile
603 3973 767 4036 Priscianus
788 3975 864 4036 infra
883 3978 931 4040 Vl.
947 3985 996 4040 14.
1013 3988 1063 4044 78.
1083 4002 1112 4061 p.
1122 3990 1188 4044 713

150 4077 188 4116 ex
208 4055 341 4128 Afranio,
364 4056 458 4118 fabula
479 4079 534 4117 uon
557 4059 712 4132 nominato,
740 4061 840 4121 iterum
861 4062 966 4122 laudat.
988 4097 1031 4108 —
1051 4067 1187 4129 Bothius:

150 4141 298 4212 „Lam
324 4163 442 4202 manus
469 4141 592 4203 furtifica
618 4144 776 4207 dicebatur:
807 4147 871 4210 vide
898 4147 993 4209 Plani.
1020 4150 1102 4212 Pers.
1125 4159 1187 4216 224

151 4221 200 4304 (ΙΙ.
222 4235 251 4290 2.
271 4223 327 4310 44)
350 4233 380 4287 et
399 4227 508 4288 initium
528 4228 677 4316 Epidici&

923 4305 965 4396 ιι
