2940 4838
1111 346 1198 424 245

155 525 240 604 Apud
266 524 404 583 isidorum
431 525 466 584 de
495 522 645 582 Different.
678 522 756 584 verb.
784 524 817 582 0.
832 485 883 586 86.
915 523 955 582 Τ.
970 523 1005 582 V.
1034 544 1062 602 p.
1084 532 1122 585 1³
1152 525 1197 584 ed.

155 608 288 754 ppppusp,
326 629 383 668 non
412 609 508 719 addito
535 607 649 669 fabulae
674 606 801 680 nomine,
838 627 877 668 ex
900 606 1019 668 Afranio
1045 608 1117 668 haec
1136 610 1198 669 iau-

207 794 291 867 Non
317 785 398 864 sirm
424 801 498 862 tam
523 791 728 873 erimindsa,
754 814 860 886 quam
886 804 937 882 tn,
964 784 1109 886 vipera:

209 887 374 967 Gannico
398 896 445 965 ad
467 917 591 964 aurem
609 885 793 987 utinquam
819 895 927 970 didici
942 895 1170 970 dominicam.

158 1015 217 1074 Pro
241 1013 436 1073 criminosa
465 1013 571 1094 legitur
598 1013 681 1072 etiam
709 1012 939 1084 criminosus,
965 1034 1019 1093 pro
1040 1035 1139 1094 quam
1159 1022 1197 1076 tn

158 1101 311 1178 depravate
329 1098 412 1157 etiarn
434 1105 617 1176 quantum,
640 1117 691 1175 pro
714 1097 925 1156 dominicam
947 1099 1029 1158 etiam
1052 1101 1196 1162 domiui.

157 1186 290 1244 Barthius
311 1183 431 1243 Arevaio
462 1190 535 1241 teste
556 1183 585 1240 in
607 1182 679 1240 libro
701 1203 752 1240 ms.
775 1181 858 1241 etiam
880 1183 1067 1262 vituperas
1089 1186 1197 1245 invenit

158 1289 209 1348 pro
230 1269 372 1346 vipero3
395 1268 468 1345 quod
491 1287 546 1325 noo
569 1273 613 1325 est
634 1267 791 1345 pessimum.
830 1267 905 1325 ldem
926 1269 1059 1327 Barthius
1076 1270 1195 1331 Advers.

157 1353 336 1414 xxxmo
369 1352 598 1433 gannientem
625 1352 667 1410 ad
695 1372 801 1411 aures
833 1352 904 1411 bene
925 1353 1127 1432 interpretatur
1148 1375 1197 1416 oe·

158 1440 233 1498 cutte
253 1437 453 1498 criminantem.
485 1437 595 1496 ludieat
615 1442 708 1496 autem
728 1438 783 1498 hoc
803 1435 992 1519 fragmentum
1013 1439 1104 1500 rixam
1121 1440 1196 1516 inter

158 1543 256 1586 servas
276 1523 321 1585 vel
342 1521 417 1582 inter
437 1540 547 1584 serrum
569 1529 600 1583 et
620 1541 738 1584 servam.

654 1673 691 1732 ΙΙ.

243 1789 368 1852 isidorus
389 1791 470 1872 0rig.
488 1790 555 1849 XX.
579 1797 608 1850 2.
636 1797 692 1852 24:
725 1791 881 1863 „'l¹axea
909 1793 1018 1852 lardum
1039 1801 1097 1866 est,
1129 1794 1196 1856 on-

159 1878 213 1938 liee
235 1878 347 1936 dictum.
389 1877 470 1936 Unde
492 1873 626 1934 Afranius
647 1877 676 1933 in
699 1875 793 1934 Rosa:

211 1974 359 2058 Galum
385 1985 550 2070 sagatum
575 1967 703 2070 pingui
727 1989 869 2070 pastum
896 1969 1047 2049 taixeaf‘

160 2098 265 2155 Rosa.
294 2095 343 2154 Sic
363 2095 460 2175 vulgo.
501 2095 558 2153 Sed
590 2095 723 2153 exhibent
751 2096 797 2154 hic
819 2115 930 2174 quoque
951 2096 1075 2155 editores
1096 2094 1126 2155 in
1148 2117 1198 2156 an-

160 2181 265 2240 notatis
287 2180 440 2241 variantem
462 2180 611 2237 tectionem
632 2181 754 2238 Prosa.
797 2181 829 2238 tn
852 2181 992 2240 nonnuliis
1015 2181 1196 2255 editionibus,

158 2267 235 2327 velut
257 2287 301 2344 ap.
325 2263 466 2334 GothoFr.,
489 2263 567 2322 etin
590 2265 751 2323 Forceliinii
778 2265 896 2342 aliisque
917 2265 1017 2323 lexicis
1037 2266 1108 2346 ling.
1131 2267 1198 2326 Lat.

159 2373 186 2412 v.
210 2352 340 2408 'Paxea
371 2350 476 2430 tegitur
502 2349 538 2406 ln
568 2345 652 2408 ro'sa
683 2349 816 2429 gallum
839 2358 910 2422 ete,
942 2351 1017 2429 quod
1045 2371 1100 2409 non
1123 2357 1199 2412 esset

162 2441 300 2514 ineptum,
332 2434 385 2492 nisi
414 2441 498 2513 poeta
526 2434 609 2492 etiam
640 2433 707 2493 aiibi
729 2435 832 2492 Rosam
864 2435 908 2494 voi
938 2435 1055 2493 l'rosam
1076 2434 1198 2495 fabulam

159 2521 306 2599 scripsisse
327 2520 476 2578 diceretur.
508 2520 579 2578 Nam
601 2519 635 2576 iu
658 2540 741 2577 rosa
763 2529 807 2579 est
822 2519 895 2577 rosis
910 2528 1083 2580 coronatum.
1115 2522 1197 2582 Vidd.

160 2605 260 2664 Cicero
295 2605 330 2663 de
360 2604 451 2662 Finib.
477 2604 512 2662 11.
547 2612 601 2676 203
641 2605 740 2663 Horat.
782 2605 834 2663 0d.
858 2605 880 2663 Ι.
903 2610 931 2666 5.
959 2613 986 2665 1.
1019 2637 1063 2650 —-
1098 2627 1199 2688 saga·

160 2696 238 2749 tum.
272 2689 330 2748 Pro
360 2709 394 2749 eo
427 2690 501 2768 apud
533 2688 735 2750 Gothofredum
764 2689 890 2769 aliosque
916 2690 1022 2771 tegitur
1058 2693 1199 2773 sagina·

161 2785 246 2845 tum,
269 2775 352 2852 quod,
375 2775 456 2852 quum
479 2795 515 2834 ex
537 2775 770 2853 interpretatione
791 2774 914 2835 additum
935 2783 1058 2856 putaret,
1080 2778 1199 2839 Bothius

161 2860 233 2919 rrrole
254 2859 401 2938 expunxit.

656 2996 704 3055 ΙΙΙ.

235 3115 348 3172 'Festus
369 3133 397 3174 v.
420 3113 550 3189 Reses,
582 3115 698 3194 Fragm.
725 3136 753 3192 p.
771 3119 812 3176 45
835 3115 880 3174 ed.
910 3115 1029 3174 Danant
1060 3111 1210 3186 „Reses

161 3198 384 3342 ppopaeriduus
406 3197 509 3257 dieitur
530 3198 667 3280 ignavus,
698 3198 765 3276 quia
784 3199 900 3259 residet.
921 3234 964 3244 -
986 3197 1135 3280 (Afranius
1156 3198 1200 3284 in)

212 3363 427 3458 Praetorem
452 3366 591 3437 resides
617 3367 748 3460 multi.)
760 3375 782 3410 ‘⁸
810 3421 1041 3441 .......

161 3469 278 3528 Uneinis
300 3467 408 3526 inclusa
430 3468 567 3526 debentur
587 3469 687 3529 Fulvio
710 3469 824 3528 Ursino.

578 3621 621 3630 --

245 3739 393 3796 Prosam
414 3737 460 3796 vel
482 3737 626 3809 Rosam,
655 3737 731 3795 unde
759 3737 847 3820 vulgo
869 3739 938 3797 haee
960 3738 1121 3820 fragmenta
1141 3741 1201 3800 lau-

162 3825 281 3896 dantur,
315 3824 381 3900 quid
402 3822 455 3880 sibi
477 3823 550 3882 veile
571 3823 678 3893 dicam,
711 3823 823 3895 neseio;
853 3823 906 3881 nisi
928 3822 1003 3882 forte
1024 3827 1202 3883 statuendum

163 3915 216 3977 est,
238 3928 339 3967 nornen
363 3914 500 3986 sumptum
519 3927 582 3967 esse
597 3927 614 3965 a
629 3908 721 3965 Prosa
736 3908 798 3978 dea,
814 3909 856 3966 'de
868 3927 922 3985 qua
935 3909 1042 3968 Gellius
1053 3909 1130 3969 XVI.
1145 3918 1201 3972 16:

162 4035 182 4064 ,‚
191 3993 313 4057 Quando
342 3988 448 4070 (pueri)
484 4000 583 4052 eontra
614 3999 742 4050 naturam
775 3991 850 4051 forte
882 3995 1010 4054 conversi
1045 3994 1072 4052 in
1106 3996 1202 4073 pedes,

161 4079 283 4138 brachiis
314 4077 476 4156 plerumque
503 4077 623 4136 diductis
655 4077 771 4136 retineri
800 4079 905 4149 soient,
938 4079 1108 4159 aegriusque
1135 4087 1203 4137 tune

161 4163 292 4224 mulieres
328 4161 482 4223 enituntur.
531 4162 621 4222 Huius
652 4162 769 4242 periculi
805 4162 974 4244 deprecandi
1005 4164 1102 4244 gratia
1135 4183 1202 4224 arae
