2938 4848
1147 389 1198 465 15

162 563 346 639 Graeeum
378 572 443 638 aut
465 562 670 638 Romanum
698 572 795 653 erat,
835 565 979 636 nomine
1010 567 1211 644 distinctae

160 667 397 761 reperiantur.
449 668 532 739 Euo
558 667 717 755 aceedit,
743 667 842 759 quod
862 668 942 759 ipsa
966 668 1030 741 illa
1051 671 1200 742 nomina

160 771 259 841 idem
282 771 447 862 probant.
505 767 601 841 Nam
624 770 847 862 planipedis,
888 771 987 863 qnod
1018 778 1073 844 est
1096 769 1198 843 Lati·

161 895 265 959 num,
292 869 469 964 signifieat
492 872 656 942 fabulam
679 870 913 958 Romanam,
926 872 1075 961 mimus,
1101 874 1200 967 quod

162 981 218 1046 est
238 969 445 1057 Graecum,
488 969 630 1045 Graeci
656 975 858 1066 argumenti
881 975 1043 1045 tabulam
1067 976 1198 1067 prodit.

160 1077 284 1168 Atque
314 1076 368 1145 ita
398 1072 597 1146 Diomedes
636 1097 777 1168 quoquo
816 1097 894 1145 rem
933 1077 1058 1164 tradit,
1101 1079 1200 1168 apud

161 1199 269 1270 quem
293 1177 385 1248 haee
411 1174 631 1274 exstant³⁸Jr
670 1227 694 1264 „
702 1175 887 1248 Poematis
919 1177 1107 1250 dramatici
1138 1178 1200 1249 vel

161 1279 272 1351 aotivi
295 1300 432 1372 genera
463 1285 548 1350 sunt
579 1286 750 1372 quatuor:
786 1279 882 1369 apud
915 1275 1080 1351 Graecos
1112 1286 1198 1350 tra·

160 1382 282 1474 gioa,
309 1381 501 1469 oomioa,
527 1381 751 1472 satyrios,
777 1379 973 1471 mimioa3
1006 1383 1102 1472 apud
1123 1379 1198 1452 Ro-

159 1504 288 1554 manos
310 1489 627 1574 praetextata,
653 1483 939 1570 tabernaria,
965 1481 1198 1572 Atellano,

159 1583 419 1676 planipee.“
476 1581 598 1662 Quem
628 1583 749 1654 loonrn
774 1584 938 1656 oonsnito
963 1583 1023 1656 hio
1055 1586 1200 1658 demum

160 1686 284 1778 posui,
311 1685 348 1756 in
373 1683 445 1756 fine
471 1684 811 1778 argumentationis,
837 1687 923 1781 quia
940 1687 1114 1775 verebar,
1139 1709 1198 1776 ne,

160 1788 230 1858 nisi
255 1787 423 1878 exposita
448 1794 586 1876 essent,
614 1810 708 1880 quae
731 1788 983 1879 exposuimus,
1008 1810 1122 1880 prave
1145 1789 1199 1860 in·

160 1889 396 1981 telligeretnr.
448 1886 782 1976 Quemadmodum,
808 1890 869 1981 qui
894 1888 1110 1962 Diomedem
1136 1913 1199 1962 ex·

161 1991 324 2082 scripsit,
351 1987 551 2060 Rhabanus
569 1989 781 2085 maumas)
806 1991 892 2062 inde
916 1989 1008 2063 haee
1032 1991 1197 2083 protulit:

82 2170 86 2181 ,
161 2091 396 2180 „Dramatioi
420 2091 481 2162 vel
505 2094 616 2163 aotivi
640 2092 815 2185 poematis
839 2094 980 2185 speeies
1006 2099 1090 2163 sunt
1113 2115 1199 2185 qua·

161 2204 245 2264 tuor
270 2195 366 2285 apud
393 2188 576 2266 Graeoos:
618 2195 811 2287 tragioa,
850 2195 1041 2283 oomioa,
1080 2202 1199 2286 saty-

160 2297 277 2382 rioa,
316 2294 503 2365 mimioa.
562 2293 647 2368 ldae
678 2299 774 2386 apud
805 2294 992 2367 Romanos
1023 2305 1201 2370 vocantur

161 2405 476 2489 praetextata,
513 2397 799 2485 tabernaria,
832 2397 1067 2486 Atellaua,
1108 2399 1199 2491 pla·

162 2501 344 2591 nipes“;
370 2499 474 2590 quusi
487 2497 579 2570 haee
605 2501 800 2572 earundem
818 2522 940 2570 rerum
962 2508 1101 2572 tantum
1127 2501 1201 2571 alia

161 2599 505 2688 fuissent.nomiua;
537 2622 647 2693 quum
670 2600 870 2673 Diomedes
894 2602 1099 2694 significare
1124 2603 1199 2673 vel·

162 2705 231 2790 let,
257 2702 325 2772 has
341 2702 486 2772 fabulas
500 2701 687 2774 Romanas
707 2705 778 2774 illis
793 2698 946 2774 Graecis
966 2706 1199 2796 respondere.

262 2803 414 2874 Factum
440 2808 559 2874 autern
585 2805 728 2875 videtur
751 2805 823 2876 huo
844 2804 1003 2893 ratione,
1036 2813 1077 2876 nt
1100 2803 1201 2876 mimi

163 2907 274 2976 etiam
296 2905 427 2975 latiore
452 2905 712 2997 significatione
732 2907 942 2999 planipedes
967 2907 1199 2999 eomprehsns

164 3010 300 3078 durent.
351 3006 627 3100 Antiquioribus
659 3009 880 3100 temporibus
912 3009 1122 3100 planipedes
1161 3008 1200 3078 in

162 3109 298 3180 fabulis
337 3109 469 3201 tegetis
510 3111 630 3180 looum
667 3110 889 3197 habueruut,
929 3117 970 3182 nt
1006 3132 1055 3181 ex
1087 3110 1199 3180 Attae

163 3233 291 3298 versu,
325 3211 625 3302 supralaudato,
658 3219 818 3304 apparet.
875 3209 920 3281 Iu
952 3210 1109 3302 palliatis
1143 3210 1199 3281 fa·

163 3313 258 3383 brulis
290 3311 469 3383 eiusmodi
498 3325 713 3407 nugatores,
754 3312 816 3406 qui
846 3312 938 3383 ioois
974 3318 1010 3380 et
1041 3311 1199 3383 dicteriis

162 3414 288 3506 popuii
312 3413 424 3484 risum
449 3421 655 3503 moverent,
693 3416 812 3486 nutias
834 3414 1004 3485 sidentur
1027 3411 1199 3485 habuisse

163 3524 296 3608 partes.
347 3513 603 3608 Saltemapud
616 3514 804 3602 Plautum,
830 3513 1044 3587 Terentium
1069 3520 1105 3584 et
1118 3535 1199 3585 oao-

162 3625 261 3688 teros
292 3617 521 3709 palliatarum
559 3619 771 3710 scriptores,
811 3639 964 3710 quornm
997 3615 1201 3709 fragmenta

164 3719 283 3789 adhuc
308 3726 469 3806 exstant,
503 3719 611 3791 huius
635 3720 689 3792 rei
714 3720 907 3812 vestigium
931 3739 1080 3810 prorsus
1105 3716 1199 3790 desi·

163 3822 320 3891 deretur.
372 3819 502 3914 ltaque
528 3823 637 3892 etiam
664 3823 760 3913 apud
785 3820 935 3891 Festum
958 3818 1107 3890 fabulae
1131 3840 1199 3911 pro

163 3921 297 3993 fabulis
317 3922 451 4015 togatis
469 3923 609 4015 positae
636 3945 716 3994 esse
736 3924 918 4015 putandae
944 3926 1048 3992 erunt
1071 3918 1110 3989 in
1129 3919 1200 3992 hoo

247 4122 302 4207 38)
324 4124 374 4184 111.
395 4147 423 4206 p.
438 4130 502 4188 4⁸0
522 4144 568 4204 ap.
588 4123 705 4184 Pntsoh.
726 4155 769 4170 --
798 4119 853 4206 39)
875 4124 911 4183 de
931 4121 993 4182 art
1014 4139 1132 4202 gramm
1152 4121 1198 4193 11,
1305 4199 1308 4206 μ

164 4207 234 4288 0pp.
255 4210 295 4271 T.
306 4209 328 4270 1.
350 4216 431 4289 pto
450 4229 493 4289 sq.
514 4211 559 4270 ed.
581 4209 682 4269 Goion.
736 4251 739 4260 .
