2932 4842
280 355 363 434 496

610 569 659 584 --
686 529 808 612 Quom
831 533 962 604 beatae
986 533 1175 606 scaenicae

335 630 514 705 Videntur
538 625 708 704 mulieres
733 635 839 724 mihi,
872 657 965 727 quae
990 635 1109 728 iurgio
1202 653 1206 660 ’

336 733 385 806 Et
410 735 654 807 benivolentia
679 736 813 807 terrent
838 737 1002 808 desubito
1028 739 1169 809 viroa.“

287 853 457 912 mulieres
485 852 571 912 mihi
600 853 683 912 Both.
726 853 821 926 Libri,
849 861 938 915 matio
960 855 1121 934 deperdito,
1152 853 1235 914 mihi
1263 873 1327 913 mu-

287 939 408 998 lieres.
435 969 479 983 -
508 937 640 1018 iurgio.
673 938 744 998 Van.
771 939 793 998 Ι.
820 939 856 998 11.
889 939 956 999 Par.
985 940 1082 1022 iugo.
1110 973 1153 986 —
1184 939 1353 1014 benico<

287 1024 411 1084 lautia.
453 1022 588 1082 Eothius:
621 1022 905 1094 „Benivolentia
935 1043 992 1084 non
1022 1031 1165 1084 torrentur
1191 1024 1327 1083 hominen.

289 1106 473 1168 Scribcndum
492 1107 605 1168 videtur
630 1109 675 1166 Et
704 1108 791 1168 bena
817 1109 983 1171 ualentes
1004 1114 1088 1170 terr.
1110 1110 1138 1170 d.
1159 1114 1214 1172 v.“
1256 1109 1328 1168 For-

270 1199 367 1254 tasse
387 1192 564 1253 scribendum
585 1193 797 1253 temulentia
817 1194 863 1255 vel
884 1194 1100 1258 vinolentia.

797 1327 824 1386 V

375 1412 572 1498 Ciariaiunil.
593 1434 696 1508 p2177
717 1448 762 1508 ap.
784 1370 916 1490 Puncta
935 1430 1168 1510 ¹„compacta
1195 1425 1328 1487 Afraniae
1439 1453 1440 1466 ι

291 1515 321 1574 in
343 1512 543 1593 Emancipatoz

393 1597 452 1688 Ta
477 1598 601 1667 facore
627 1606 813 1690 compacto
840 1599 1006 1670 omnia.“

292 1697 337 1760 cf.
358 1698 461 1780 fragm.
482 1697 559 1757 XIV.

785 1818 835 1877 vl.

377 1933 523 1996 Charisius
549 1935 585 1994 ΙΙ.
614 1943 724 2014 p.180
750 1910 797 2016 ap.
824 1935 957 1997 Puteola:
989 1934 1109 2008 „Eeri
1136 1969 1180 1982 —
1213 1934 1332 2003 Quidam

292 2021 377 2082 here
405 2025 506 2100 putant
531 2020 586 2079 uici
613 2021 715 2080 debere
743 2021 889 2101 quamdiu,
923 2020 1000 2082 heri
1027 2020 1149 2100 quando.
1198 2019 1332 2080 Afranius

257 2135 259 2142 s
294 2105 437 2168 tamenin
459 2105 656 2184 Emancipato:

343 2247 396 2261 -·
421 2206 533 2283 Quod
557 2205 637 2276 heri
661 2207 853 2294 valetudo,
882 2223 987 2304 inquit,
1014 2207 1193 2279 obstitit.“

294 2325 428 2386 Bothius:
461 2323 556 2396 „Eeri
584 2344 719 2404 nusquam
747 2324 894 2406 significat
924 2326 1063 2405 quamdiu.
1106 2325 1183 2386 Here
1214 2330 1245 2384 et
1274 2322 1333 2383 heri

294 2411 367 2471 idem
388 2410 497 2471 valent:
520 2410 595 2470 vidd.
619 2410 753 2477 Quinctil.
778 2420 806 2482 1,
827 2419 857 2472 7.
881 2406 1003 2491 (ssiat
1024 2412 1106 2470 Voss.
1128 2409 1250 2490 Etymoi.
1272 2409 1298 2468 1.·
1311 2409 1331 2468 Ι.

294 2517 322 2558 v.
342 2495 439 2554 heri.“
478 2493 685 2558 Quinctitianus
706 2495 725 2553 l.
747 2495 783 2554 i.:
815 2495 934 2568 „Here
956 2515 1030 2556 nunc
1050 2516 1068 2554 o
1087 2495 1183 2556 littora
1204 2493 1333 2554 termina·

294 2599 365 2639 mua.
407 2579 447 2636 At
472 2586 599 2639 veterum
625 2579 792 2638 comicorum
819 2581 909 2640 adbuc
936 2580 1015 2640 libris
1042 2580 1155 2642 invenio
1182 2580 1266 2640 Eeri
1293 2577 1335 2638 ad
1439 2641 1440 2654 χ

296 2683 346 2722 me
371 2662 470 2722 venit
497 2658 632 2742 (Terent
653 2663 766 2723 Phorm.
788 2665 811 2724 Ι.
836 2663 863 2725 i.
888 2661 934 2744 t),;
965 2666 1039 2744 quod
1060 2666 1134 2724 idem
1155 2665 1184 2724 in
1206 2662 1333 2744 epistolia

296 2747 436 2828 Augusti,
471 2766 541 2825 quas
561 2768 614 2807 aua
634 2768 718 2808 manu
739 2749 851 2828 acripait
872 2756 922 2808 aut
948 2750 1118 2826 amandavit,
1153 2747 1335 2828 deprehandi-

297 2837 379 2893 tur.“
422 2831 551 2891 Donatus
573 2834 610 2892 ad
630 2834 751 2892 Terent.
773 2835 792 2892 i.
808 2855 854 2910 ιιι
876 2835 1026 2914 „Propter
1047 2835 1247 2917 cognationem
1268 2854 1285 2893 a
1305 2838 1335 2892 ct

296 2917 308 2977 i
327 2917 484 2978 litterarum
500 2937 557 2976 non
577 2917 776 2979 dubitaverunt
796 2918 904 2999 antiqui
926 2925 955 2980 ct
974 2920 1059 2980 incra
1082 2928 1112 2979 ct
1131 2921 1210 2980 heri
1231 2919 1334 2987 dicare,

298 3008 328 3063 et
353 3022 450 3062 manc
477 3008 506 3060 ct
534 3003 640 3074 mani,
673 3009 702 3063 ct
728 3023 880 3084 nesporo
902 3010 932 3064 at
952 3004 1135 3084 vespcri.“
1184 3002 1229 3065 Cf.
1253 3001 1334 3064 etiam

297 3086 452 3148 Turnebus
474 3086 593 3150 Aduena.
613 3087 720 3148 XXIV.
743 3093 795 3149 41.

786 3222 848 3282 vlt.

383 3340 528 3401 charisius
549 3341 584 3400 il.
605 3361 633 3421 p.
651 3347 710 3404 183
732 3361 779 3422 ap.
799 3340 931 3402 Paeon:
953 3333 1107 3415 „Lama
1138 3339 1275 3403 Afranius
1293 3373 1334 3388 -

298 3425 340 3485 in»
349 3425 549 3505 Emancipato:
1234 3467 1237 3475 .
1251 3428 1256 3435 “

349 3508 471 3589 Quam
495 3512 592 3581 lente
618 3517 748 3583 tractat
771 3533 829 3582 me
856 3520 963 3604 atquc
988 3496 1150 3584 illadit.“

781 3679 856 3738 Vili.
979 3723 981 3728 -

320 3797 322 3802 ’
383 3795 528 3856 Charisius
549 3798 587 3856 11.
608 3801 717 3877 poan
745 3817 790 3876 ap.
813 3798 959 3858 Potacha
978 3776 1162 3870 „Nimium
1204 3797 1366 3860 Atranimc

298 3879 328 3940 in
348 3880 545 3960 Emancipato:
619 3927 621 3935 ι

349 3963 426 4037 Gur
448 3957 599 4038 nimium
625 3965 849 4058 appetimus?
885 3983 1100 4064 Respondent:
1127 3967 1271 4040 Nemini
1287 3970 1337 4041 ni·

829 4058 941 4143 minim
967 4071 1060 4142 bene
1086 4077 1181 4142 est.“

295 4166 371 4227 Male
392 4167 459 4252 Bao.
480 4168 594 4248 stepha
627 4168 697 4228 Cur
724 4167 866 4229 nimiam
893 4171 1110 4251 appetimus,
1141 4171 1172 4232 ai
1192 4169 1337 4254 reapon-
