2932 4842
276 377 360 455 100

276 551 493 624 concludere
516 552 643 640 liceat,
680 549 880 624 Caecilium
906 554 995 624 cum'
1012 550 1162 624 Trabea
1188 557 1225 621 et
1250 550 1322 623 At·

276 655 353 725 tilio
387 655 626 746 antiquiorem
650 655 765 726 fuisse
796 678 870 727 nou
899 655 1016 725 solum
1042 675 1151 745 qnam
1177 651 1323 722 Tereb-

276 757 383 844 tium,
424 758 490 826 sed
523 757 631 826 etiam
663 779 770 848 quam
803 756 991 827 Titinium.
1049 754 1176 847 Neque
1208 756 1324 847 igitur

276 859 427 928 multum
453 879 575 928 errare
599 859 821 946 videbimur,
858 859 891 928 si
915 857 1092 928 Titinium
1118 864 1200 948 post
1225 854 1324 926 Cae·

277 959 400 1032 cilium
426 967 462 1029 et
478 967 571 1029 ante
597 958 810 1030 Terentium
835 961 1003 1030 floruisse
1030 960 1201 1030 dicemus.
1251 958 1324 1027 At-

278 1063 339 1154 qui
371 1064 417 1132 de
445 1057 605 1132 Caecilio
638 1062 882 1152 Hieronymus
915 1060 1040 1132 scribit
1071 1060 1108 1129 in
1135 1057 1323 1130 Chronico

275 1161 502 1234 Eusebianos
543 1160 802 1254 „Olympiadis
835 1161 915 1233 GL.
953 1185 1046 1232 anuo
1072 1160 1124 1231 ΙΙ.
1161 1163 1322 1251 (idest,
1456 1219 1457 1242 ,

277 1287 372 1335 auno
388 1263 492 1338 ΙΝ).
507 1263 706 1336 DLXXV.
729 1267 807 1336 sive
824 1272 907 1335 ente
921 1262 1007 1335 cnr.
1022 1286 1058 1334 u.
1081 1261 1322 1358 CLXXIX.)
1456 1343 1457 1350 χ

277 1366 417 1438 Statius
443 1364 642 1453 Caecilius,
684 1369 950 1437 comoediarum
982 1367 1154 1456 scriptor,
1197 1367 1322 1434 clarus

276 1468 482 1557 babetur'3“
521 1491 565 1538 ac
590 1467 804 1554 Terentius,
846 1469 907 1560 qui
940 1468 977 1536 in
1009 1469 1088 1558 ipso
1120 1468 1212 1536 flore
1249 1487 1322 1536 suo
1456 1513 1457 1526 ι

275 1578 439 1642 mortuus
466 1577 521 1640 est
546 1591 640 1638 arrno
667 1571 711 1642 U.
739 1568 781 1640 G.
809 1568 986 1640 Dxcvl.
1013 1571 1092 1639 sive
1118 1575 1201 1638 aute
1228 1565 1322 1638 chr.

276 1695 311 1761 n.
346 1668 542 1758 chssl,
582 1671 749 1742 floruisse
781 1672 853 1742 dici
885 1672 1016 1762 poterit
1055 1672 1151 1740 circa
1184 1691 1322 1739 aunum
1456 1689 1457 1700 ¹

276 1753 455 1844 Ichlv.
488 1773 532 1845 U.
566 1769 612 1842 0.
646 1775 725 1844 sive
760 1781 843 1844 aute
876 1771 962 1843 chr.
996 1794 1031 1843 ιι.
1064 1769 1178 1842 CLX.
1231 1771 1320 1842 vid.

278 1870 367 1948 Ger.
391 1872 451 1945 Jo.
472 1873 627 1946 Vossius
654 1878 700 1945 de
725 1872 852 1946 Poetis
879 1874 962 1945 Lat.
989 1874 1021 1944 I.
1048 1873 1125 1965 p.9
1146 1896 1198 1966 sq.
1241 1873 1321 1942 lta·
1456 1929 1457 1942 .

276 1998 347 2068 que
380 1976 539 2047 Titinius
570 1977 734 2047 floruerit
764 1979 860 2047 circa
894 1999 1026 2046 aunum
1057 1973 1319 2045 DLXXXIV.

277 2075 321 2148 U.
349 2074 392 2148 0.
420 2079 499 2147 sive
525 2087 608 2147 ante
634 2076 720 2149 chr.
746 2101 781 2148 u.
807 2077 982 2165 CLXX,
1015 2084 1055 2146 ut
1079 2077 1145 2167 per
1170 2077 1321 2168 aliquod

276 2185 417 2277 tempus
451 2179 558 2248 etiam
592 2182 796 2274 utriusque,
837 2189 874 2251 et
899 2176 1051 2252 Caecilii
1076 2185 1113 2248 et
1138 2177 1319 2266 Terentii,
1456 2257 1457 2270 .

277 2280 440 2374 aequalis
464 2281 586 2351 fuerit.

304 2471 334 2506 .,
377 2415 435 2487 De
461 2416 542 2487 loco
570 2441 697 2510 porro,
729 2419 792 2488 ubi
817 2417 976 2507 Titinius
1001 2415 1112 2509 polita
1136 2421 1244 2484 neotus
1270 2415 1320 2485 sit

278 2525 320 2587 et·
352 2517 502 2605 vixerit,
543 2542 616 2588 non
655 2522 770 2612 magis
809 2523 1001 2618 quidquam
1044 2518 1213 2588 traditum
1250 2524 1317 2588 est.

278 2616 354 2689 Sed
380 2643 427 2688 ex
453 2620 523 2690 hoc
554 2624 632 2712 ipso
665 2622 806 2691 silentio
831 2613 989 2694 forlasse
1022 2621 1194 2711 colligere
1219 2617 1319 2705 licet,

278 2742 360 2791 eum
391 2721 430 2789 in
462 2723 541 2813 ipsa
573 2726 662 2793 urbe
701 2731 825 2793 uatum
858 2747 939 2794 esse
980 2729 1087 2814 atque
1118 2721 1316 2790 habitasse.

277 2817 356 2908 (ii,
390 2845 483 2914 quae
509 2825 620 2912 infra,
657 2826 721 2896 ubi
745 2827 790 2894 de
816 2825 972 2897 Afranio
999 2824 1158 2918 agimus,
1199 2844 1243 2891 en
1269 2821 1318 2893 de

276 2946 317 2993 re
343 2934 582 3016 exponuntur.

378 3057 499 3136 Quem
531 3062 651 3150 locum
683 3085 793 3152 supra
830 3085 876 3132 ex
909 3061 1048 3135 Sereno
1082 3057 1316 3130 Sammonico

277 3160 478 3250 attulimus,
516 3185 563 3232 ex
589 3187 633 3233 eo
660 3171 832 3254 apparot,
865 3163 1040 3236 Titinium
1067 3159 1316 3250 composuisse

275 3264 420 3335 fabulas
451 3271 612 3358 togatas3
651 3267 746 3335 idem
771 3266 881 3357 liquet
913 3287 960 3335 ex
984 3262 1199 3355 fragmentis
1224 3261 1315 3347 eius,

277 3363 400 3450 simul,
442 3389 504 3436 eas
536 3363 652 3438 fuisse
677 3373 838 3458 togatas,
862 3388 963 3458 ‚quae
988 3365 1131 3456 proprie
1157 3363 1227 3432 hoc
1252 3383 1316 3430 no·
1352 3397 1360 3412 ·

277 3466 374 3536 mine
399 3468 682 3557 appellarentur,
708 3471 804 3554 sive,
830 3475 871 3537 ut
895 3467 1154 3559 posterioribus
1179 3473 1315 3554 tempo·

277 3568 377 3638 ribus
421 3590 484 3638 eas
527 3571 636 3640 etiam
673 3572 858 3656 dicebant,
903 3576 1045 3660 togatas
1080 3566 1314 3637 tabernarias.

278 3665 560 3760 Christophorus
585 3671 739 3741 Wasius
773 3672 917 3741 exercit.
951 3670 1026 3740 ΙΙΙ.
1061 3669 1314 3740 Animadvers.

277 3767 524 3842 Nonianarum
557 3781 649 3842 teste
681 3773 848 3842 Fabricio
881 3771 1054 3841 Bibliotb.
1087 3768 1313 3840 Lat.IV.'1

277 3892 326 3940 ex
339 3868 561 3942 Sammonici
574 3875 655 3944 loco
673 3876 790 3964 posito
813 3875 978 3965 collegit,
1006 3872 1182 3943 Titinium
1206 3871 1316 3939 etiem

277 3971 323 4040 de
348 3973 527 4043 medicina
553 3976 689 4068 aliquid
715 3977 927 4064 tradidisse3·
952 3977 1018 4045 sed
1038 3975 1149 4043 multo
1170 3971 1315 4042 facilius

275 4079 434 4144 statuere
455 4077 557 4163 licet,
584 4079 622 4146 in
646 4079 770 4148 fabula
796 4078 917 4170 aliqua
943 4099 1025 4147 eum
1047 4075 1190 4146 dedisse
1212 4095 1314 4164 prae·

276 4183 436 4267 ceptum,
477 4180 574 4270 quod
607 4201 630 4249 a
662 4175 802 4250 Sereno
837 4201 884 4250 ex
918 4201 961 4248 eo
995 4177 1153 4248 affertur.
1205 4171 1316 4245 Omni
