2938 4848
1154 393 1208 470 27

168 576 259 643 mua
321 570 464 642 liuram
500 570 771 663 hagoediurum
789 577 1019 662 ‚argumenta
1050 568 1208 666 mythico

169 679 271 744 aaut
294 674 454 765 propria
506 671 601 742 Nam
635 672 703 742 etsi
736 679 856 742 exstat
881 670 1059 762 Aeschyli
1082 673 1209 744 fabula

165 772 343 846 Persae
394 781 790 866 commemoranturquc
835 770 1032 862 Phrynichi
1078 773 1241 846 Exci.

167 878 286 947 dium
312 874 466 947 Mileti
498 884 535 946 et
558 873 847 946 Phoenissae
880 897 923 944 ac
957 875 1208 966 Lycophronis

167 975 566 1064 Cassandrenses,
604 999 698 1069 quae
731 977 768 1046 in
792 976 964 1048 historico
995 986 1208 1070 argumento

166 1082 426 1166 versabantur,
452 1089 573 1150 tamen
598 1079 669 1150 hae
694 1079 813 1170 ipsae,
846 1100 955 1170 quum
978 1087 1051 1150 tam
1068 1102 1208 1170 paucae

165 1183 254 1268 sint,
283 1203 465 1274 quunrque
486 1181 726 1272 temporibus,
751 1183 879 1271 quihus
902 1202 961 1251 ars
981 1183 1120 1274 tragica
1146 1190 1209 1253 aut

163 1285 326 1353 noudum
352 1284 398 1354 ad
424 1305 601 1353 summum
625 1281 857 1374 perfectionis
872 1282 1057 1375 fastigium
1079 1306 1206 1375 perve-

163 1395 269 1454 nerat
295 1391 359 1456 aut
384 1384 456 1454 iam
479 1388 701 1476 degenerare
728 1392 916 1475 coeperat,
943 1386 1098 1477 scriptae
1123 1386 1207 1477 sint,

165 1493 304 1557 tantam
339 1489 459 1572 abest,
499 1492 539 1554 ut
577 1486 759 1578 regulam,
799 1486 995 1557 innumeris
1031 1489 1206 1582 exemplis

165 1588 379 1675 stabilitam,
419 1588 565 1674 tollant,
608 1599 649 1658 ut
681 1610 761 1656 eam
789 1588 896 1656 etiam
929 1589 1136 1660 confirment
1145 1589 1206 1679 ⁹⁹).

163 1687 256 1759 lude
289 1696 429 1776 autem,
468 1689 564 1781 quod
602 1689 753 1759 historia
786 1688 945 1780 mythioa
977 1691 1033 1761 his
1071 1693 1206 1765 fabulis

165 1798 380 1884 argumenta
400 1793 615 1882 praebebat,
643 1790 809 1861 effectam
836 1799 907 1878 est,
934 1799 975 1861 ut
999 1794 1037 1863 in
1062 1801 1205 1888 tragoe-

165 1893 234 1964 diis
260 1915 457 1984 personae,
498 1893 737 1963 conditionem
762 1892 955 1964 humanam
979 1907 1205 1986 superantes,

164 1994 607 2091 repraesentarenturlffl).
659 1994 705 2063 ln
730 1996 965 2083 praetextatis
991 2010 1116 2068 contra
1142 1999 1206 2069 ho-

164 2097 299 2182 mines,
326 2115 417 2188 quos
443 2094 691 2166 Romanorum
717 2095 867 2165 historia
894 2097 1087 2186 offerebat,
1120 2101 1207 2191 quin

164 2199 343 2268 interdum
371 2199 478 2268 etiam
505 2198 686 2284 viventes,
713 2205 753 2267 ut
769 2198 839 2287 ipsi
859 2221 938 2284 res,
967 2221 988 2268 a
1009 2223 1049 2270 se
1070 2211 1205 2292 gestas,

164 2301 200 2368 in
235 2321 372 2369 scaeua
412 2307 633 2390 spectarent,
675 2300 1014 2388 introducebantur3
1053 2324 1206 2394 quorum

164 2402 321 2492 dignitas
348 2423 391 2470 ae
411 2402 571 2492 gravitas
596 2401 695 2470 nullo
722 2402 830 2470 modo
851 2407 953 2471 tauta
974 2424 1055 2472 esse
1075 2413 1205 2495 potest,

164 2511 300 2594 quantu
333 2525 476 2590 eorunr,
517 2525 670 2595 quorum
704 2503 821 2594 gloria
838 2570 843 2588 Κ
860 2519 924 2574 aut
955 2505 1055 2576 fama
1094 2507 1205 2599 longo

164 2608 387 2695 temporum,
427 2605 490 2674 uhi
523 2628 571 2675 ex
601 2605 904 2674 inevitabiliiato
930 2607 1117 2680 horribilia
1143 2616 1207 2681 aut

164 2727 358 2797 superasse
380 2715 442 2776 aut
462 2707 623 2798 perpessi
644 2708 856 2794 creduntur,
883 2709 1072 2781 intervallo
1099 2718 1207 2782 aucta
1299 2783 1302 2788 ,

165 2816 231 2882 est.
284 2806 411 2885 Quare
443 2811 538 2878 inter
563 2805 789 2880 Graecorum
814 2813 1041 2901 tragoediam
1067 2821 1103 2882 et
1130 2811 1205 2882 Ro·

163 2931 354 2978 manorum
377 2917 604 3000 praetextam
634 2933 709 2982 nou
740 2910 811 2982 hoc
843 2918 987 2983 tautum
1020 2913 1205 3003 intererat,

163 3013 260 3102 quod
284 3012 348 3081 iliu
374 3007 575 3100 Graecum,
608 3011 699 3084 haec
724 3010 929 3084 Romanum
955 3024 1205 3106 argumentum

163 3111 309 3199 habuit,
335 3114 402 3183 sed
426 3115 507 3204 ipsa
531 3121 662 3184 natura
688 3137 814 3186 earum
837 3116 983 3186 diversa
1006 3117 1118 3187 fuerit
1142 3141 1204 3188 ne·

165 3233 268 3284 casse
294 3221 360 3284 est.
422 3213 617 3308 Quumque
641 3218 738 3287 idem
763 3219 860 3304 iere,
901 3219 1130 3310 quodmodo
1158 3221 1204 3289 de

165 3316 400 3404 praetextatis
430 3319 607 3403 diximus,
649 3320 757 3388 etiarn
782 3319 820 3388 iu
847 3315 1010 3391 Graecas
1043 3319 1205 3391 historici

165 3419 368 3509 argumenti
389 3419 533 3490 fabulas
558 3421 698 3507 valeat,
723 3442 795 3490 nou
822 3427 958 3491 temere
983 3419 1204 3492 censetNies

165 3519 408 3615 huhrius101),
435 3522 516 3591 illas
537 3544 678 3614 quoque
705 3523 751 3591 ah
778 3544 920 3609 earum,
949 3545 1042 3615 quae
1060 3525 1205 3615 proprie

165 3623 260 3711 apud
282 3628 426 3692 veteres
446 3625 656 3715 tragoediae
678 3625 862 3712 dicuutur,
888 3648 1038 3696 numero
1056 3648 1205 3716 prorsus

164 3723 404 3792 removendas
431 3747 523 3795 esse.

249 3954 305 4038 99)
327 3957 372 4016 cf.
383 3959 459 4040 Aug.
476 3961 551 4021 uuit.
565 3960 741 4042 Schiegelius
762 3962 872 4022 Varias.
894 3964 982 4024 uehar
1002 3965 1089 4025 dram.
1110 3929 1207 4029 Kuust

163 4042 222 4098 and
255 4041 325 4100 Litt.
358 4045 398 4103 Τ.
415 4046 438 4104 Ι.
466 4067 494 4124 p.
514 4054 574 4107 104
594 4066 656 4124 sqq.
684 4047 729 4107 od.
750 4047 848 4126 Upsal.
879 4082 921 4094 -
954 4048 1029 4130 100)
1062 4049 1107 4109 ef.
1128 4051 1205 4133 Aug.

165 4126 241 4274 gip}
263 4123 406 4271 {agag-el.
428 4130 448 4190 l.
467 4149 493 4191 c.
513 4151 541 4210 p.
554 4139 594 4194 93
608 4151 669 4210 sqq.
690 4163 733 4178 -
761 4132 837 4213 101)
860 4135 958 4194 iicon.
972 4135 1075 4196 Geach.
1089 4135 1130 4194 Τ.
1141 4136 1164 4196 Ι.
1177 4157 1205 4216 p.

246 4231 291 4270 e.
335 4254 343 4271 .
