2938 4848
738 513 785 590 V.

337 651 481 732 autom
506 649 559 721 ita
583 649 780 742 expositis,
807 648 922 722 oritur
941 651 1126 744 quaestio,
1159 651 1279 724 ouius·

234 757 418 826 nammodi
441 752 579 826 fuerim
603 758 750 845 togatae
776 752 879 840 illae,
905 775 996 846 quas
1017 775 1083 844 pro
1104 753 1280 845 peculiari

233 857 440 931 fabularum
462 876 615 949 genere,
643 854 783 943 abhis,
809 856 856 925 de
883 854 1014 949 quibus
1040 857 1198 950 egimus,
1225 855 1278 926 di·

233 983 361 1047 verso,
403 956 548 1051 plurimi
583 957 773 1048 accipiunt.
840 954 1005 1035 Quorum
1048 959 1153 1050 quia,
1192 959 1280 1029 dum

233 1062 369 1133 caeteri
389 1062 468 1133 fere
493 1059 641 1152 gravius
667 1060 844 1131 duntaxat
868 1069 1118 1153 argumentum
1144 1062 1278 1154 togatis

233 1165 411 1249 tribuunt,
451 1183 558 1255 quam
592 1161 901 1257 tabernariis¹⁶¹)‚
941 1159 1003 1234 Jo.
1030 1162 1137 1255 Bapt.
1164 1160 1278 1235 Casa·

231 1265 303 1337 lius
314 1265 377 1362 162)
404 1272 543 1335 tautum
570 1270 606 1332 et
631 1262 708 1333 Jul.
727 1261 835 1336 Caes.
856 1263 1097 1363 Scaliger¹⁶³)
1125 1267 1171 1336 de
1197 1289 1277 1357 per·

232 1369 352 1455 sonis,
393 1390 487 1460 quae.
513 1366 551 1434 in
576 1365 701 1435 fabula
728 1373 853 1458 togata
877 1367 1096 1457 prodierint,
1133 1367 1278 1439 definite

233 1469 448 1542 senteutiam
486 1489 590 1536 suam
624 1469 918 1556 pronuntiarunt,
959 1470 993 1537 iu
1029 1468 1100 1540 hac
1133 1489 1278 1562 quoque

232 1573 313 1644 sola
335 1569 577 1642 examinanda
596 1568 796 1660 paullisper
819 1592 1095 1642 commoremur.
1134 1569 1193 1642 Ea
1209 1579 1276 1660 est,

231 1675 270 1744 in
295 1673 395 1744 hisce
419 1670 554 1742 fabulis
579 1676 767 1742 senatores
792 1672 956 1763 privatos
988 1693 1070 1742 cum
1095 1673 1192 1766 togis
1223 1675 1278 1744 iu·

232 1777 426 1846 troductos¹
451 1795 550 1857 esse,
590 1772 746 1866 indeque
774 1795 837 1844 eas
862 1773 979 1848 dietas
1012 1797 1094 1846 esse
1120 1781 1275 1868 togatas.

233 1877 309 1955 Qui
336 1883 453 1946 antem
480 1875 628 1944 fuerunt
656 1882 844 1946 senatores
870 1873 1023 1968 privatil
1074 1877 1189 1968 Apud
1213 1899 1276 1948 an·

232 1982 369 2072 tiquos,
405 1977 444 2048 ni
468 1977 596 2064 fallor,
629 1998 807 2068 nusquam
832 2000 952 2048 sermo
979 1985 1035 2048 est
1060 1979 1106 2050 de
1133 1986 1276 2050 senato·

231 2084 333 2153 ribus
365 2079 528 2172 privatis.
587 2078 668 2149 Sed
699 2087 739 2149 ut
770 2087 871 2149 recte
903 2079 1085 2168 dicautur,
1122 2081 1183 2173 qni
1215 2088 1277 2152 aut

231 2185 482 2277 magistratum
514 2183 674 2250 nondum
707 2181 830 2272 adepti
863 2190 983 2267 errrnt,
1025 2189 1088 2252 aut
1125 2205 1276 2253 munere

231 2287 375 2380 publico
401 2285 600 2370 vacabant,
626 2289 748 2352 tamen
775 2289 912 2352 tantum
939 2287 1060 2370 abest,
1086 2291 1128 2354 nt
1151 2285 1275 2355 discri-

231 2413 314 2460 men
340 2386 428 2456 illud
454 2384 610 2456 sufficiat
636 2387 847 2471 statuendo,
874 2393 1061 2456 senatores
1088 2387 1124 2456 iu
1148 2387 1277 2458 fabula

232 2498 356 2582 togata
382 2488 548 2557 inductos
576 2507 675 2569 esse,
701 2508 811 2578 quum
829 2488 985 2577 populus
1010 2489 1203 2559 universus
1220 2497 1276 2558 to·

231 2615 314 2684 gam
341 2594 518 2682 gestaret,
555 2597 595 2657 ut
620 2609 768 2677 prorsus
794 2589 1004 2660 incredibile
1030 2591 1095 2675 sit,
1133 2590 1276 2681 sipara

233 2693 368 2763 ordinis
401 2689 498 2760 illins
532 2688 744 2780 amplissimi
770 2689 944 2780 peculiari
975 2692 1180 2762 fabularum
1213 2713 1275 2782 ge·

232 2795 311 2865 neri
343 2800 556 2884 argumenta
581 2790 866 2881 suppeditasset,
907 2815 1017 2884 quum
1049 2793 1156 2863 toties
1190 2793 1274 2863 ista·

230 2920 311 2969 rum
335 2895 541 2966 fabularum
567 2891 629 2962 fiat
655 2893 788 2962 mentio
796 2943 807 2979 ,
847 2895 1025 2964 neminem
1050 2895 1138 2966 illud
1164 2894 1274 2964 tradi·

231 3007 350 3070 turum
370 2996 496 3066 fuisse.
548 2996 597 3067 Ut
618 2995 727 3086 igitur
747 2990 979 3068 verisimilius
1006 3004 1079 3083 cst,
1106 3018 1214 3089 quum
1236 2997 1274 3066 in

232 3101 436 3172 tabernaria
457 3119 647 3189 personae,
674 3097 828 3188 simplici
848 3106 936 3190 toga
955 3098 1127 3187 amictae,
1153 3099 1275 3170 locum
1314 3193 1316 3209 Ι

317 3318 392 3392 161)
415 3318 552 3398 Exemplo
575 3316 647 3388 siut,
669 3336 742 3397 qnae
763 3314 872 3396 profert
894 3318 930 3377 du
952 3317 1056 3378 Rosius
1076 3316 1188 3378 aslex.
1209 3317 1273 3378 crit.

231 3407 271 3464 rl'.
289 3405 310 3463 Ι.
338 3403 435 3462 XXl.:
468 3403 554 3477 „Les
581 3405 675 3482 pisces
703 3403 739 3461 du
768 3402 874 3462 second
900 3409 1045 3462 caractere
1067 3400 1273 3485 (tabernariae)

231 3489 339 3549 itoient
367 3489 417 3548 des
439 3487 587 3547 Comidies
614 3507 652 3547 uu
675 3507 729 3566 peu
756 3487 848 3546 moins
876 3487 1056 3548 atrienses.“
1098 3487 1142 3548 De
1164 3488 1272 3570 togatis

231 3575 397 3654 scripserat:
426 3573 496 3645 „La
518 3572 804 3632 comedis-Romame
826 3591 864 3632 ou
886 3574 1053 3654 Togata,
1074 3593 1160 3652 parce
1181 3577 1272 3652 qu’ou

229 3683 249 3739 y
276 3657 458 3718 introduisoit
479 3657 696 3716 ordinairement
723 3657 759 3716 de
784 3656 897 3736 simplos
926 3659 1054 3737 citoyens
1080 3659 1150 3717 dont
1170 3657 1274 3718 l’lrabit

231 3743 302 3804 stoit
323 3744 350 3803 le
376 3745 517 3802 vitemeut
538 3741 646 3821 appelli
668 3742 817 3822 Toga;“
849 3749 879 3801 et
899 3743 993 3821 paullo
1014 3750 1095 3822 post,
1117 3763 1190 3822 quae
1211 3763 1273 3802 eum

230 3830 274 3888 his
296 3849 352 3887 non
372 3833 546 3908 congruunt:
578 3825 662 3900 „Les
684 3825 778 3905 pisces
800 3827 836 3885 du
859 3827 979 3906 premier
999 3834 1144 3888 caractere
1166 3827 1274 3887 etaient

231 3913 469 3984 tris-siricum,
501 3917 531 3970 et
550 3911 649 3990 l'ouy
675 3911 858 3970 introduisoit
885 3914 972 3972 mima
1000 3914 1050 3973 des
1075 3932 1273 3994 personnagcs

231 4001 267 4060 dc
293 3997 453 4069 condition,
485 4016 518 4056 ce
545 3995 591 4076 qui
613 3996 655 4056 les
676 3994 729 4055 fait
755 3997 879 4076 appellor
906 3996 1081 4076 quelquelois
1102 3998 1272 4058 Praetex-

231 4089 366 4144 tatae.“
395 4115 437 4128 -
467 4077 541 4164 162)
570 4081 717 4162 deTrag.
740 4088 770 4140 et
791 4083 937 4155 Camil,
960 4083 1087 4144 Gronov.
1109 4084 1201 4144 Thes.
1222 4101 1272 4142 ou·

232 4169 334 4250 tiquitt.
356 4171 459 4230 Gracc.
482 4167 523 4226 Τ.
539 4166 614 4226 Vlll.
636 4187 664 4244 p.
679 4174 770 4228 1606.
792 4198 835 4210 -
863 4163 939 4249 163)
961 4167 1071 4229 Podtic.
1092 4169 1115 4229 Ι.
1136 4176 1166 4231 7.
