2938 4848
1138 372 1192 447 57

146 547 183 618 in
208 543 272 634 u,
304 545 437 639 qnippe
467 547 530 640 qni
561 543 654 621 oc.
680 544 896 620 Maecenate
921 546 1011 618 bero
1037 567 1191 640 praeno·

146 671 229 720 men
255 649 439 740 acceperit
450 647 531 746 ¹³⁶).
582 646 736 722 Relatus
769 657 890 720 autem
920 649 958 719 in
985 655 1191 742 togatarum

146 751 341 842 scriptores
373 753 555 842 putandus
595 757 650 824 est
688 757 837 843 propter
866 753 1051 824 trabeatus
1084 776 1191 844 suas3

147 855 215 924 etsi
246 854 313 924 vix
344 855 533 926 credibile.
550 861 624 943 est,
666 854 725 926 bis
763 853 970 928 scholiastis
1002 855 1092 950 ipsis
1125 879 1190 929 eas

146 956 357 1028 innotuisse.

248 1056 448 1136 Quaeritur
473 1058 565 1146 iam,
592 1081 683 1152 quos
709 1057 934 1150 potissimum
957 1082 1101 1147 eorum,
1129 1060 1191 1152 qui

146 1163 274 1231 trabea
305 1169 509 1248 uterentur,
550 1159 723 1232 Melissus
760 1163 796 1231 in
829 1160 885 1231 bis
918 1162 1053 1234 fabulis
1079 1163 1190 1232 intro-

147 1263 304 1333 duxerit.
357 1260 528 1336 0sannus
544 1264 609 1356 137)
638 1287 684 1333 ex
711 1265 858 1333 notione
883 1266 1049 1351 trabeae,
1078 1287 1190 1355 expo·

148 1367 217 1437 sita
244 1387 268 1434 a
291 1364 397 1456 Lydo
413 1364 499 1463 ¹³⁸):
541 1360 624 1452 »Ἡ
650 1360 816 1460 τραβαία
841 1357 962 1457 μόνον
987 1370 1056 1436 τοῦ
1082 1361 1191 1464 <lapydu-

148 1459 325 1564 ἐτύγχανε
371 1471 611 1562 παρατοῦρα,
660 1463 773 1539 οἱονεὶ
820 1463 929 1560 στολὴ
969 1463 1191 1565 ἐπίσημος,“

148 1569 370 1660 suspicatur,
410 1568 565 1641 istarum
595 1570 802 1642 fabularum
841 1580 1061 1661 argrmrenta
1096 1571 1192 1651 intra

147 1694 276 1763 regum
307 1670 478 1743 historias
509 1673 588 1744 fere
621 1673 836 1742 constitisse.
889 1671 965 1742 Sed
991 1671 1088 1762 Lydi
1114 1673 1191 1765 qui·

148 1775 230 1844 dem
256 1773 482 1864 opinionem,
514 1796 622 1866 reges
653 1775 753 1845 solos
784 1776 948 1846 trabeam
975 1775 1191 1866 gestavisse,

149 1898 197 1946 ex
224 1875 281 1962 iia,
309 1897 403 1968 quae
428 1876 475 1946 de
499 1875 609 1946 huius
633 1878 747 1946 vestis
771 1898 842 1946 usu
864 1877 1033 1963 diximus,
1059 1878 1191 1947 falsam

149 2000 230 2048 esse
255 1985 365 2068 patet.
417 1975 545 2071 Neque
572 1979 717 2048 omnino
742 1979 872 2071 liquet,
899 1999 1011 2069 quare
1036 1979 1192 2069 scriptor

147 2101 254 2170 reges
287 2078 514 2169 potissimum
546 2082 730 2151 trabeatos
761 2081 1031 2151 introducturus
1068 2081 1191 2150 fuerit.

147 2179 381 2252 Probabilius
415 2182 510 2252 sumi
541 2189 651 2275 queat
682 2205 731 2252 ex
763 2182 932 2273 Dionysii
958 2180 1191 2252 Halicarnas-

147 2283 277 2368 sensis‚
305 2305 459 2375 quacum
486 2284 640 2354 aliorum
655 2286 869 2376 scriptorum
885 2285 1092 2354 testimonia
1106 2305 1191 2354 con·

148 2386 318 2472 sentiunt,
345 2386 586 2477 descriptione
601 2386 785 2474 saliorum,
812 2386 880 2458 hos
897 2385 1069 2456 trabeatis
1084 2407 1191 2478 argu-

147 2494 269 2558 menta
295 2489 595 2578 suppeditavisse.
647 2487 715 2562 Est
741 2498 879 2570 autem,
915 2491 1012 2581 quod
1033 2511 1091 2559 me
1114 2511 1191 2558 mo·

147 2597 250 2676 veut,
284 2597 324 2658 ut
350 2589 470 2678 potius
496 2613 577 2677 cum
603 2590 821 2660 Forcellinio
837 2590 923 2684 ¹³⁹),
951 2592 998 2664 A.
1022 2585 1069 2661 G.
1091 2590 1190 2661 Lan·

147 2692 208 2782 gio
226 2688 292 2784 ¹4⁰)
320 2691 483 2783 aliisque,
511 2715 664 2783 quorum
690 2703 810 2762 tamen
840 2716 947 2762 nemo
974 2693 1192 2783 suspicionis
1296 2697 1297 2702 ’
1377 2695 1380 2701 ’

148 2815 237 2864 suae
265 2815 415 2863 causam
441 2795 578 2884 prodit,
620 2795 813 2885 praecipue
839 2796 982 2886 equites
1003 2792 1191 2865 Romanos

148 2895 184 2963 in
208 2895 345 2965 fabulis
368 2897 540 2966 trabeatis
561 2903 853 2986 repraesentatos
873 2920 954 2966 esso
976 2898 1190 2967 existimem.
1221 2975 1227 2986 ¹

149 2995 245 3066 Tres
272 3004 374 3066 erant
401 2998 494 3068 enim
520 3009 603 3088 post
628 2997 754 3068 Sullae
780 3006 944 3090 tempora
969 3000 1095 3089 populi
1116 2996 1191 3069 Ro-

149 3100 244 3167 mani
271 3099 436 3168 ordinesz
464 3101 679 3186 senatorius,
708 3108 887 3193 equester,
914 3101 1088 3190 plebeius.
1123 3099 1191 3170 Se·

148 3202 312 3270 notorius
333 3202 423 3269 ordo
438 3202 475 3270 in
490 3203 727 3292 praetextatis
743 3203 992 3285 inducebatur,
1019 3209 1059 3271 ut
1080 3223 1192 3291 supra

149 3303 316 3388 vidimuS,
343 3304 446 3392 plebs
472 3303 508 3370 in
532 3303 757 3390 tabernariis,
786 3306 881 3394 quod
903 3304 997 3372 infra
1015 3311 1190 3372 monstra·

149 3404 254 3473 bitur.
308 3401 437 3473 Tertio
473 3406 609 3491 ordini,
653 3407 828 3497 equestri,
869 3413 908 3474 ut
940 3405 1002 3496 qui
1034 3426 1107 3472 non
1140 3403 1192 3472 ita

148 3507 259 3574 multo
295 3512 377 3574 aute
410 3505 518 3596 plane
550 3509 764 3577 constitutus
792 3514 905 3594 esset,
942 3508 1101 3575 nondum
1128 3527 1190 3576 ex·

149 3610 291 3677 stabant
321 3607 480 3677 fabulae.
534 3608 660 3686 erare
686 3607 877 3694 Melissus,
918 3617 956 3678 ut
981 3631 1068 3678 suas
1094 3608 1189 3700 quis·

149 3731 216 3801 que
256 3709 409 3779 haberet
441 3709 530 3780 ordo
561 3711 724 3798 fabulas,
766 3711 812 3780 ad
845 3733 998 3797 novum,
1038 3709 1077 3779 in
1115 3733 1189 3806 ¹quo

232 3941 309 4020 136)
339 3943 383 4004 uf.
403 3945 534 4004 (lacunas
561 3946 597 4004 ad
625 3947 755 4025 Appuleii
783 3947 818 4005 de
845 3947 1055 4028 Orthograpbiu
1085 3945 1189 4027 fragm.

148 4050 174 4108 p·
190 4037 241 4090 70.
264 4061 306 4072 ·-
341 4029 415 4108 137)
428 4031 447 4088 l.
463 4049 488 4088 c.
502 4063 544 4074 -
576 4030 649 4111 138)
663 4034 698 4089 do
708 4031 883 4113 Magistratt.
896 4032 966 4111 reip.
980 4033 1062 4090 Rom.
1074 4032 1096 4089 l.
1106 4037 1127 4092 7
1130 4073 1136 4088 .
1147 4063 1190 4074 -

148 4112 413 4277 1qqqpllqeqqzliog.
434 4114 501 4174 Lat.
524 4137 551 4177 u.
575 4117 796 4177 'l'rabeatus
817 4151 859 4161 -
889 4114 964 4198 140)
989 4115 1098 4175 Vindio.
1112 4121 1188 4196 trag.
