2932 4842
1128 401 1206 478 179

166 575 255 638 verbo
270 574 335 636 iro.
362 575 449 655 Atqui
470 575 633 638 venierit
649 583 694 636 ent
710 595 830 638 venun
849 575 969 639 iverit.
981 609 1025 624 —
1038 576 1206 640 venierit.

104 681 107 686 ’
167 662 239 720 Cod.
254 660 374 740 Gueipir.
396 661 603 722 invenierit.
630 661 702 722 Ven.
714 661 737 721 1.
752 662 788 722 ΙΙ.
809 661 876 722 Por.
897 662 1090 723 invenerit.
1108 664 1221 743 Steph„

167 746 235 805 Jnn.
257 746 406 806 venerit.
428 779 469 790 —
489 745 649 806 Absente
671 752 700 806 et
720 753 917 826 praesente
938 747 1116 808 annumerari
1137 768 1203 828 poo-

167 837 234 890 sunt
254 830 517 910 praepositionibus.
544 829 590 891 cf.
606 832 735 912 exempto
749 852 794 911 up.
806 831 927 892 Nonium
948 852 976 893 v.
997 831 1202 893 Praesente

167 935 196 993 Po
220 920 292 976 153·
528 931 531 940 Ι

666 1034 702 1093 ΙΙ.

253 1149 362 1210 Nouius
392 1172 420 1230 p.
441 1159 500 1216 104
530 1153 575 1214 ed.
604 1154 710 1214 Mero:
744 1152 974 1224 „Extrnbunt
998 1171 1052 1232 pro
1080 1152 1207 1214 exibunt.

167 1231 304 1294 Afranius
324 1236 354 1295 in
375 1237 533 1297 Auctione:

221 1335 339 1407 Simul
363 1329 474 1409 limen
500 1338 654 1426 intrabo,
679 1330 735 1410 ssli
761 1340 954 1409 extrahunt
978 1311 1119 1440 iilicoJ‘

168 1453 359 1514 Auctione.
390 1457 460 1516 eod.
487 1458 605 1537 Gueiph.
632 1457 702 1515 Ven.
718 1457 739 1515 1.
756 1457 791 1516 ΙΙ.
817 1456 885 1516 Por.
917 1456 1070 1516 actione.
1092 1489 1135 1502 -
1156 1457 1207 1517 in·

169 1539 288 1610 trobo,
324 1540 380 1598 illi
408 1543 612 1602 extrahunt.
654 1541 807 1622 Perpetem
832 1541 919 1600 Merc.
943 1542 1113 1614 extraho,
1150 1543 1207 1602 iiii

169 1621 377 1696 intrabunt,
417 1645 498 1706 quom
534 1626 699 1707 scripturum
735 1626 824 1706 ipsius
860 1625 945 1685 Nonii
979 1626 1073 1687 verbis
1113 1625 1206 1688 refelli

169 1715 266 1768 monet
285 1709 414 1770 Bothiue.
1299 1711 1303 1718 ’

664 1845 716 1905 ΙΙΙ.

254 1961 364 2022 Nonius
391 1983 419 2044 p.
437 1970 495 2024 111
525 1964 569 2024 ed.
596 1965 700 2026 Meroe
736 1962 872 2038 „Fecul
893 1983 944 2043 pro
964 1959 1096 2024 feciliter.
1135 1962 1209 2024 Huic
1306 1981 1307 1986 ’

170 2047 342 2106 contrarium
364 2056 409 2107 ent
429 2047 585 2108 disficni.
607 2083 648 2095 -
670 2047 805 2108 Afroniun
826 2047 855 2108 in
875 2047 1031 2108 Auctione:

219 2122 331 2202 Haud
355 2115 466 2222 fricui,
493 2141 532 2206 ut
556 2113 615 2206 ei't
638 2119 1207 2236 Pacuviusffie‘nfiQ-invcnic·
1227 2133 1409 2229 Aeas]

840 2257 883 2304 ur
933 2241 1042 2306 onn.“

168 2331 359 2395 Auctione.
383 2335 580 2416 Cod.Guelph.
592 2336 696 2401 Veni,
708 2337 741 2395 ii.
756 2336 911 2396 actione.
928 2336 995 2396 Per.
1011 2335 1208 2396 ictione.·-
1303 2392 1306 2398 .

169 2417 280 2477 Haud.
303 2420 374 2478 eoo.
398 2422 516 2501 Gueiph.
540 2422 610 2480 Ven.
625 2423 646 2480 Ι.
659 2422 694 2481 ΙΙ.
715 2421 780 2481 Ald.
796 2421 875 2479 Aut.
891 2419 1061 2491 -fncul,
1088 2427 1126 2479 nt
1146 2423 1207 2481 nit.

169 2501 281 2561 Veni.
301 2504 336 2564 ΙΙ.
364 2503 475 2565 secuit
498 2507 641 2566 anteit.
663 2505 730 2566 Por.
751 2512 790 2564 ut
818 2505 883 2576 eit,
914 2505 1018 2565 omisso
1038 2503 1145 2566 foeni.
1164 2535 1207 2550 —

169 2585 386 2649 invenietur.
425 2590 597 2651 veniit.
634 2591 701 2650 Per.
735 2590 929 2651 invenitur.
961 2589 1095 2661 Bothiue,
1133 2589 1208 2668 quod

171 2671 318 2732 durissime
339 2676 537 2753 pronuntietur
557 2674 672 2735 sem’n’
695 2675 908 2736 invenietur
933 2684 1050 2754 propter
1070 2676 1208 2754 duplicem

169 2753 199 2814 in
222 2757 320 2818 eodem
341 2759 477 2821 vocabulo
500 2761 654 2831 olitionem,
676 2760 799 2820 coniecit
814 2758 1012 2820 'foeminum
1034 2759 1209 2821 invenies

170 2838 295 2900 bonnm
327 2843 386 2916 vei,
419 2846 494 2924 quod
520 2845 612 2917 molit,
644 2843 799 2905 foemina
826 2844 973 2906 videtur
1000 2843 1099 2904 boon.
1137 2844 1209 2904 Vide

170 2929 263 2986 temen
279 2926 350 2987 Attii
359 2929 440 2988 Brut.
451 2930 500 2990 ΙΙΙ.
514 2938 542 3004 8,
564 2929 657 3010 ibique
670 2936 831 3005 nnnotnto.;
853 2935 883 2988 et
896 2928 1000 2988 Titinii
1011 2929 1128 2989 Setinee
1138 2930 1162 2988 Ι.
1179 2936 1208 2990 1.

588 3077 792 3094 ι--ι--ί

255 3212 299 3272 De
329 3221 497 3296 argumento
528 3213 641 3277 fabulae
672 3215 747 3277 vido.
786 3220 924 3276 nnnotete
956 3214 993 3274 ed
1026 3211 1205 3285 Titulum,

171 3315 244 3376 quoe
264 3318 326 3360 cum
346 3300 487 3361 Auctione
507 3320 564 3362 une
585 3301 737 3379 eademqne
757 3299 869 3364 videtur
888 3298 986 3360 suone.

543 3573 823 3649 AUGUR.

673 3723 696 3782 1.

253 3839 361 3899 Nonius
387 3861 415 3920 p.
433 3849 475 3904 78
506 3839 551 3900 cd.
573 3841 676 3901 Mero:
704 3838 940 3912 „Bloterare,
968 3834 1133 3919 confingere
1154 3855 1207 3916 per

169 3924 323 3986 mendacin.
365 3925 500 3985 Afranius
521 3924 550 3984 in
571 3925 704 4007 Augure:

88 4040 93 4052 ·
220 4009 321 4089 Quid
346 4011 399 4080 est
423 4012 577 4098 istucce,
604 4003 641 4082 tA
655 4011 845 4090 *blaterare
871 4012 976 4099 etque
1002 3999 1207 4096 obloquii“

168 4108 320 4172 istucce.
352 4112 446 4194 Vnigo
467 4113 580 4185 istuc,
610 4111 685 4192 quod
713 4109 808 4172 veroni
832 4129 889 4168 non
911 4103 1026 4168 eufficit.
1070 4104 1206 4166 Correxit

166 4195 296 4257 Bothiuu.

885 4288 956 4354 12·
