2938 4848
280 373 339 460 2'0

280 560 327 630 dc
362 557 561 629 scribendis
592 557 727 628 fabulis
760 555 935 648 satyricis
969 563 1164 648 praecepta
1201 557 1319 628 tradit

174 675 177 682 '
278 660 374 732 Ilum
399 684 474 732 non
488 659 638 744 Latine,
665 661 731 729 sed
745 655 890 731 Graece
913 659 1100 748 scripturis
1126 659 1217 729 haec
1237 681 1321 749 pro·
1456 679 1457 722 l

281 764 424 851 tulisse,
466 762 563 831 haud
596 761 706 830 facile
732 763 921 853 quisquam
953 763 1154 831 contendet.
1206 761 1323 852 Atqui

280 865 452 936 credibile
477 885 550 931 non
577 871 650 948 est,
687 885 770 932 eum
795 870 988 954 praecepta
1016 864 1181 932 daturum
1207 863 1322 950 spisse

280 965 504 1050 desanaus,
545 986 697 1056 quarum
731 967 890 1035 nondum
923 971 1109 1035 exstarent
1143 965 1320 1054 exempla.

281 1067 414 1158 Colligi
448 1068 541 1135 adeo
576 1089 624 1135 ex
649 1066 801 1136 Horatio
829 1073 964 1157 potest,
999 1066 1131 1149 fuisse,
1169 1066 1229 1155 qui
1254 1087 1321 1155 pro

280 1168 423 1259 Satyris
448 1169 558 1252 ,etiam
572 1167 722 1237 Faunos
747 1167 1012 1238 introduxerint
1037 1167 1073 1236 in
1099 1167 1155 1236 his
1174 1167 1320 1252 fabulis,

280 1293 390 1363 quum
416 1271 509 1340 haec
535 1269 652 1338 addit:

330 1371 476 1459 „Silvis
503 1363 649 1440 deducti
674 1378 828 1440 caveant
853 1392 911 1439 me
937 1367 1056 1439 indiae
1082 1366 1213 1455 Fauni,

329 1472 406 1560 Ne,
439 1473 542 1542 velut
566 1471 679 1540 innati
704 1473 819 1542 triviis
846 1493 890 1541 uc
915 1492 1031 1561 paene
1056 1471 1234 1555 forenses,

331 1576 409 1645 Aut
422 1574 572 1644 nimium
584 1574 719 1642 teneris
736 1574 951 1643 iuvenentur
967 1573 1133 1642 versibus
1151 1591 1319 1664 unquam,

331 1676 409 1745 Aut
434 1675 620 1744 immunda
646 1682 793 1765 crepent
817 1674 1128 1766 ignominiosaque
1149 1673 1289 1743 dicta.“

235 1851 237 1858 Α
282 1772 521 1848 Grammatici
542 1777 687 1868 quidem
703 1776 846 1876 Latini,
872 1797 980 1868 quum
999 1777 1046 1845 dc
1066 1775 1200 1846 fabulis
1219 1795 1320 1844 scac-

281 1879 371 1948 nicis
397 1880 610 1970 loquuntur,
651 1885 715 1948 aut
747 1879 913 1949 omittunt
940 1877 1144 1966 Satyricam
1177 1883 1240 1946 nul
1271 1875 1322 1944 ita

282 1981 360 2051 eius
386 1981 604 2052 mentionem
628 1977 785 2066 faciunt,
812 1989 852 2050 ut
871 1988 1008 2049 tantum
1030 1981 1075 2048 dc
1095 1974 1322 2050 Graecorum

282 2083 445 2153 dramate
470 2082 632 2173 cogitare
658 2076 857 2152 videanturss
910 2080 987 2152 Sed
1011 2080 1119 2149 iidem
1145 2099 1321 2170 gramma·

282 2184 346 2254 tici
378 2185 485 2254 eliam
519 2184 582 2252 alii
615 2184 705 2254 alias
730 2185 875 2254 fabulas
907 2181 1210 2273 praetermittunt,
1251 2187 1320 2249 tra·

283 2287 427 2355 beatam
453 2307 598 2376 omnes3
630 2293 671 2355 nt
695 2286 778 2355 inde
799 2285 888 2354 nihil
909 2283 1073 2353 concludi
1092 2283 1225 2373 possit,
1253 2280 1322 2352 uisi

282 2410 356 2457 non
388 2409 558 2478 magnum
591 2388 705 2456 fuisse
738 2389 834 2478 apud
859 2384 1045 2476 Romanos
1075 2383 1323 2473 Satyricorum

282 2511 482 2558 numerum.
536 2487 641 2557 Idem
663 2487 794 2580 colligo
818 2511 866 2557 cx
888 2489 1029 2557 adiecto
1051 2489 1102 2576 τῇ
1125 2477 1322 2579 πατρῴῳ

257 2672 259 2676 ,
284 2582 433 2683 cuiry,
460 2589 581 2676 idest,
609 2588 742 2659 Latino
761 2611 939 2676 sermone,
966 2588 1062 2678 apud
1079 2586 1322 2672 Athenaeum,

284 2690 346 2783 qui
366 2691 419 2760 sic
441 2691 486 2759 de
503 2689 840 2782 Latinis'Satyricis
860 2699 1042 2782 tamquam
1065 2691 1110 2757 de
1135 2710 1176 2758 rc
1202 2695 1322 2758 extra·

284 2792 467 2862 ordinaria
497 2793 664 2883 loquitur.
724 2793 897 2862 Fortasse
923 2793 1031 2862 ctiam
1057 2789 1161 2860 Sulla
1186 2790 1322 2880 primus

285 2909 410 2964 earum
441 2894 511 2964 fuit
545 2902 689 2982 auctor,
732 2916 839 2986 quem
871 2894 1040 2983 deinceps
1071 2891 1322 2962 Atellanarum

283 2995 481 3087 scriptores
513 2995 552 3063 in
583 2996 627 3065 iis
654 2997 911 3088 componendis
936 2994 1051 3066 secuti
1078 2993 1160 3062 sint.
1213 2991 1323 3064 Certe

283 3098 506 3186 scripserunt
537 3097 804 3167 Attellanarum
835 3097 968 3187 politae
1000 3097 1136 3186 aliquot
1167 3095 1322 3180 fabulas,

286 3221 438 3291 quarum
478 3198 589 3284 tituli,
631 3221 680 3268 ex
710 3199 861 3268 historia
899 3198 1057 3288 mythica
1088 3197 1211 3281 tracti,
1251 3218 1323 3265 non

285 3301 404 3371 minus
431 3298 607 3390 Satyricis
635 3301 710 3391 apti
733 3302 886 3386 fuerint,
927 3321 1036 3391 quam
1060 3296 1322 3368 Rhintlronicis.

285 3398 345 3471 De
369 3402 466 3486 veris
492 3409 612 3471 antem
638 3400 836 3494 tragoediis
862 3401 1116 3494 cogitari‘fere
1147 3400 1326 3470 nonlicet

255 3597 258 3602 A
288 3503 348 3571 vcl
372 3510 520 3593 propter
545 3503 676 3590 verba,
703 3526 796 3596 quae
823 3504 906 3573 indc
933 3502 1140 3572 afferuntur.
1284 3501 1287 3510 ’

388 3668 531 3747 Quodsi
570 3675 912 3760 demonstravimus,
952 3695 1046 3765 quae
1077 3676 1324 3746 demonstrare

288 3773 409 3841 conati
441 3795 583 3859 sumus,
624 3771 798 3861 Romani,
835 3777 932 3867 quod
965 3775 1139 3861 sciamus,
1180 3773 1325 3846 omnino

289 3872 445 3965 quinque
472 3870 607 3946 Graeci
639 3878 842 3968 argumenti
865 3878 1081 3958 fabularum
1096 3897 1231 3970 genera
1262 3873 1325 3944 lra-

286 3975 459 4044 buerunt:
502 3978 786 4068 tragoediam
826 3978 905 4050 sive
942 3979 1146 4050 fabulam
1185 3974 1325 4068 crepi-

288 4076 460 4163 datam,
508 4081 809 4166 comoediam,
861 4079 1328 4173 tragicccomoedinm

288 4177 368 4249 sive
392 4177 597 4250 fabulam
622 4178 994 4271 Rhinthonicam,
1020 4203 1115 4276 quac
1132 4175 1327 4254 a'Grnccis
