2940 4838
243 373 331 452 ’216

256 555 394 610 curent
416 549 488 610 Ven.
505 549 527 608 Ι.
543 549 580 609 ΙΙ.
602 549 670 610 Por.
693 555 851 608 current.
872 578 915 591 -
936 545 1173 608 conforment.
1197 545 1296 625 Stepir.

256 632 536 732 conformentur.
562 667 606 680 —
632 633 764 716 Sooliger
791 633 828 694 od
854 632 937 694 Vorr.
964 631 1000 692 de
1027 631 1065 692 L.
1091 630 1129 692 L.
1144 631 1180 692 V.
1208 638 1294 712 11.ss

256 720 302 781 ed·
323 719 404 800 ΒΨ..
762 835 804 850 -·
825 821 933 862 curre
954 806 990 861 et
1009 801 1138 862 nuntio

298 885 448 960 Venire,
470 889 506 948 e't
526 905 655 947 neourn
676 886 812 948 oddu'oo
833 893 1009 966 operatum
1032 905 1149 947 neom.

298 971 447 1071 Videon,
470 972 624 1052 pueiiorn
646 979 788 1043 curent,
811 971 1034 1032 confirment
1054 971 1146 1031 iube.

254 1057 414 1202 Bottiiiliie
444 1148 479 1201 et
511 1141 641 1201 nuntio
673 1141 800 1204 venire
829 1149 866 1202 et
896 1147 1214 1222 noomeperotorn
1243 1139 1299 1199 od·

300 1308 404 1385 Vide,
426 1317 464 1370 ut
485 1311 639 1390 puellum
660 1317 800 1384 ourent3
822 1225 1051 1370 coiriiiiie'nt
1070 1309 1159 1369 iube.

262 1393 366 1454 Nescio
388 1396 451 1474 quis
472 1395 555 1468 dicit,
586 1416 618 1455 ee
638 1396 736 1457 venire
757 1403 788 1454 et
807 1415 901 1455 seeum
923 1396 1064 1456 adducere
1084 1413 1232 1474 sponsum
1252 1391 1301 1454 oui

258 1484 292 1537 nt
316 1479 409 1562 mugio
440 1480 552 1559 piooeot
578 1500 698 1559 sponso,
731 1500 793 1540 eern
814 1479 907 1539 curori
929 1487 959 1540 et
979 1479 1112 1540 exornari
1133 1479 1219 1539 iubet.
1252 1477 1299 1546 uf,

262 1570 398 1624 annotato
418 1563 448 1624 in
469 1563 527 1624 fine
548 1564 660 1625 iobuioe
681 1563 869 1644 reliquiorum.

740 1713 836 1778 vnn
909 1761 910 1768 ,

344 1833 454 1894 Nonius
474 1834 595 1896 ibidem:
622 1835 724 1908 „idem
745 1835 774 1894 in
797 1836 910 1895 eodem:

679 1961 727 1972 -
754 1919 948 2013 spernam
972 1942 1045 1991 non
1072 1912 1136 1992 odi
1161 1927 1297 1995 tuam.“

260 2035 332 2096 odi.
362 2036 495 2120 Scaliger
521 2039 557 2098 od
586 2037 669 2099 Van.
697 2039 733 2098 de
758 2038 795 2097 L.
822 2038 858 2099 L.
880 2039 914 2097 V.
941 2061 969 2119 p.
990 2045 1030 2102 71
1054 2039 1099 2099 ed.
1121 2039 1185 2118 uip.
1206 2038 1297 2099 nudi.

260 2120 425 2195 Menoetius,
447 2122 472 2182 ei
493 2123 560 2201 quid
581 2122 742 2184 mutondurn
763 2131 849 2196 esset,
870 2123 966 2184 mullet
986 2125 1080 2184 novi.

745 2276 797 2337 IX.

341 2393 451 2453 Nonius
483 2415 511 2473 p.
533 2402 595 2457 280
616 2394 662 2454 ed.
683 2396 789 2456 Mero:
819 2395 977 2468 „Dicere
998 2427 1040 2442 -—
1060 2394 1235 2475 promittere.
1255 2427 1297 2440 -

256 2473 391 2536 Afranius
411 2510 454 2524 -
475 2478 503 2536 in
524 2479 660 2539 Fratriie:

307 2560 384 2633 Dat
408 2564 543 2634 rustico
569 2564 692 2635 nescio
719 2566 778 2635 oui
803 2563 921 2635 vicind
948 2587 1015 2635 suo

310 2658 545 2755 Perpadperi,
572 2666 631 2736 oui
657 2657 756 2736 dieat
781 2667 876 2737 dotis
903 2656 1148 2758 padnulum.“

259 2777 429 2841 Frotriis.
456 2783 527 2842 Ven.
545 2783 567 2842 1.
583 2784 619 2844 n.
652 2784 720 2844 Por.
742 2784 805 2843 Ald.
827 2783 966 2843 fratris.
987 2817 1030 2832 -
1056 2785 1127 2843 not
1146 2783 1297 2846 rustico.

259 2863 331 2925 Von.
348 2866 371 2925 1.
387 2866 422 2924 il.
451 2867 518 2926 Par.
545 2869 609 2928 ΑΜ.
637 2869 704 2928 Boe.
732 2869 799 2928 Jun.
822 2870 862 2931 de
884 2869 1035 2930 rustico.
1071 2868 1188 2950 Lipsius
1207 2869 1297 2949 Epist.

261 2956 371 3029 quaest.
398 2949 434 3012 V.
459 2957 498 3015 25
532 2953 601 3013 Det
626 2953 779 3015 rustico.
805 2989 848 3000 -
877 2955 984 3015 dicut.
1020 2955 1093 3014 Ven.
1118 2954 1141 3015 i.
1162 2953 1198 3013 li.
1231 2955 1297 3015 dot.

258 3034 328 3096 Por.
348 3035 447 3096 dicit.

756 3175 794 3234 X.

344 3290 455 3351 Nonius
476 3313 504 3371 p.
521 3299 580 3354 291
605 3292 649 3352 ed.
671 3292 777 3352 Mero:
800 3294 987 3375 „Exigere
1008 3299 1053 3352 est
1073 3293 1236 3353 excludere.
1257 3323 1298 3338 -

259 3373 395 3435 Afranius
415 3377 445 3436 in
457 3376 601 3448 ,Fratriisz

311 3459 539 3549 {detinebitur
563 3463 634 3532 viri
660 3463 707 3533 ex
731 3461 918 3548 voluntate
942 3453 1051 3532 ionica

309 3554 511 3650 Probdbffi,
537 3570 791 3657 praegnantem
818 3567 914 3656 quod
938 3588 1011 3635 non
1036 3555 1198 3656 ‹ixigdtf‘

263 3678 428 3740 Fratriie.
461 3682 529 3742 Von.
546 3682 569 3742 Ι.
586 3682 622 3741 ΙΙ.
643 3683 712 3741 Por.
733 3682 797 3741 Aid.
819 3682 958 3742 fratris.
979 3715 1022 3728 —
1043 3681 1116 3743 viri
1137 3701 1189 3741 ex.
1218 3680 1299 3740 Lini

262 3762 317 3824 vir
337 3771 384 3824 ut.
405 3765 488 3825 Botir.
510 3765 581 3827 riri
602 3768 697 3828 hoec.
713 3801 755 3813 -
769 3768 885 3828 unico.
907 3767 1001 3849 Vulgo
1016 3787 1099 3838 uno,
1120 3773 1299 3848 repugnante

261 3854 362 3909 metro.
395 3850 529 3910 Correxit
548 3851 677 3914 Bothiue.

750 3989 801 4047 xl.

340 4060 453 4162 'Nonius
479 4127 507 4184 p.
526 4112 588 4170 306
611 4107 655 4166 ed.
677 4107 782 4167 Meroe
812 4107 957 4178 „Fortis
978 4140 1019 4153 -
1042 4107 1130 4170 diues.
1151 4137 1194 4153 -
1217 4103 1299 4165 Aira-

261 4187 324 4247 nius
346 4187 373 4248 in
395 4190 530 4249 Frotriie:
