2932 4842
260 345 339 426 192

259 522 365 582 Eadem
393 540 432 581 ex
457 518 561 580 Titinii
593 519 708 581 Praelie
741 519 899 598 allcruntm
925 523 1000 602 apud
1031 521 1154 582 Nonium
1187 543 1215 604 p.
1240 527 1300 586 278

258 627 286 670 v.
325 605 521 666 Delenitus
564 625 615 688 pro
656 612 750 666 mente
793 606 941 666 alienatum.
999 607 1103 667 Priore
1142 607 1206 668 loco
1250 629 1301 688 pro

258 690 496 837 {plrennptpnim
517 689 581 752 Ald.
601 689 668 752 llas.
691 691 817 752 Verum
838 690 965 768 etiam3
985 709 1038 773 pro
1062 690 1216 754 deleniti
1237 693 1301 754 Ald.

757 943 794 1004 11.

342 1079 452 1139 Nonius
473 1101 501 1160 p.
519 1087 579 1141 102
602 1079 647 1138 ed.
670 1080 774 1139 Mero:
806 1079 1005 1153 „llvallaro
1027 1079 1130 1142 dietum
1152 1081 1299 1141 excludant

258 1173 288 1226 et
309 1165 390 1246 quasi
411 1171 495 1224 extra
515 1165 617 1228 vallum
639 1165 755 1225 mittam.
798 1163 926 1226 Titinius
948 1164 977 1223 in
998 1165 1105 1225 Prilier

300 1269 377 1335 tino
405 1285 473 1348 ego
495 1265 601 1326 bodie
623 1273 806 1333 extorrem
827 1267 917 1327 hone
939 1266 1037 1326 domo
1059 1261 1197 1327 faciani
1210 1268 1300 1348 pile-

301 1353 429 1412 tricem
451 1350 565 1431 pallia
587 1351 767 1442 evellerit
788 1371 806 1410 o
827 1352 991 1432 pulchre.

257 1455 365 1524 Varro,
394 1445 555 1533 ἐπιτάφιον
581 1446 700 1531 ideis
719 1451 785 1530 napi
808 1447 923 1534 τάφοις
955 1453 1078 1512 Donec
1104 1452 1207 1514 foras
1234 1473 1298 1513 nos

258 1539 356 1598 intus
378 1538 666 1599 evellaverunt.“
709 1538 890 1597 Evellero.
914 1537 963 1596 Sic
985 1558 1022 1596 ex
1043 1538 1154 1597 adiecta
1174 1539 1299 1618 explica-
1348 1597 1352 1603 ,

257 1625 336 1683 tione
373 1622 528 1682 Mercarius
556 1622 683 1681 correxit
713 1623 857 1703 vulgatum
893 1623 1073 1684 Evallaro.
1103 1657 1145 1668 ·-
1172 1623 1297 1683 Prilia.

257 1710 301 1768 lto
328 1708 390 1767 cod.
421 1708 539 1786 Gualph.
567 1707 740 1766 Ald.⁴Merc.
773 1708 864 1788 Vulgo
886 1707 1042 1766 Proelia.
1066 1742 1107 1752 -
1135 1708 1210 1774 Qua
1231 1729 1298 1790 ogo

256 1793 362 1852 hodie
390 1799 570 1851 extorrem
598 1793 689 1852 hanc
710 1793 810 1850 darno
832 1791 963 1852 faciam
986 1792 1203 1871 pilatricern.
1230 1793 1297 1852 Por.

257 1880 335 1946 (lua
362 1898 432 1960 ego
460 1883 644 1936 extorrem
678 1879 769 1940 hauc
796 1878 895 1936 domo
917 1873 938 1936 f.
961 1877 1177 1937 dilatricem.
1199 1879 1298 1958 Steph.

256 1965 333 2031 Qua
354 1984 423 2045 ego
445 1963 553 2028 hodie
574 1961 991 2041 hanes..expilatricen1.
1013 1962 1128 2041 Lipsius
1149 1963 1299 2041 Antiquur.

255 2049 321 2109 lect.
342 2049 376 2107 V.
400 2055 439 2109 22
469 2054 500 2106 et
518 2047 665 2126 Epistolic.
687 2056 796 2126 quaest.
811 2048 860 2106 lv.
879 2055 917 2108 19
940 2047 1080 2106 correxit:
1113 2049 1203 2114 Quia
1230 2068 1298 2129 ego

217 2187 220 2192 .
255 2134 363 2194 hodie
390 2140 576 2192 extorrem
602 2133 694 2191 hanc
725 2133 829 2192 domo
851 2130 981 2191 fecia-
1003 2133 1205 2212 pilatricem
1228 2133 1299 2212 pal-

255 2219 315 2291 lii,
348 2218 557 2279 evellevero
591 2217 749 2296 pulchre.
801 2217 887 2288 lnda,
920 2224 952 2276 ut
986 2218 1112 2288 videtur,
1141 2217 1299 2278 Mercerius

255 2304 362 2383 pallii
384 2303 412 2362 in
436 2303 561 2362 ordinem
583 2303 706 2381 recepit,
728 2309 758 2361 et
778 2303 988 2364 evallavero
1009 2302 1038 2360 in
1061 2302 1203 2362 annotatis
1224 2303 1298 2383 apud

256 2389 394 2448 Titinium
406 2386 495 2446 luisse
506 2387 597 2448 videri
611 2388 687 2447 dicit.
704 2388 833 2458 Rutilius,
855 2388 943 2448 verba
965 2394 1146 2447 extorrem
1168 2386 1298 2447 faciem

254 2475 362 2534 habens
384 2493 436 2552 pro
457 2473 646 2553 glossemate,
678 2493 734 2552 quo
757 2473 961 2553 explicaverint
982 2472 1206 2543 evallavero,
1233 2491 1299 2534 ver-

254 2579 316 2618 sum
337 2564 528 2636 asynartatum
550 2557 653 2616 edidit:

298 2662 406 2726 (luem
428 2679 498 2740 ego
519 2659 626 2718 hodie
648 2659 711 2718 hac
732 2658 831 2718 domo
847 2656 1156 2739 pilatricempelli
1172 2657 1298 2738 pulcre

865 2745 1086 2804 evallavero.

255 2845 353 2914 Quare
381 2842 587 2924 explicaverint
619 2844 843 2918 evellevero,
875 2863 958 2926 quum
985 2843 1040 2904 iam
1070 2843 1180 2904 Nonius
1207 2845 1297 2925 expli·

255 2932 367 2992 cassetl
389 2931 525 2990 Fortasse
546 2928 737 2988 scribendum:

680 3057 728 3067 -
756 3013 856 3091 Quia
882 3037 951 3108 ego
978 3005 1088 3085 hddie
1114 3021 1297 3086 extorrem

305 3109 413 3192 Hinc
435 3117 543 3190 domo
564 3117 715 3189 faciam.
737 3107 1073 3310 pssmfissiffihliissai
1086 3109 1295 3188 evallavero

254 3340 356 3419 Aptius
377 3339 406 3399 in
428 3344 531 3419 togata
551 3336 627 3416 palla
647 3343 889 3408 commemoratur,
911 3356 993 3414 quam
1014 3335 1140 3414 pallium3
1172 3334 1296 3394 facilius·

255 3445 310 3505 que
338 3445 375 3484 ex
404 3423 532 3502 pallei,
560 3442 642 3501 quam
665 3443 703 3481 ex
724 3421 827 3503 palli,
855 3421 934 3480 nasci
956 3422 1062 3500 potuit,
1094 3421 1168 3500 quod
1195 3426 1241 3479 est
1266 3421 1295 3479 in

254 3510 343 3582 libris,
366 3507 490 3588 pallia.
512 3540 554 3551 -
590 3508 622 3565 ln
650 3507 788 3566 Varronis
811 3507 876 3567 loco
908 3505 1032 3566 fortasse
1053 3505 1229 3566 scribendum
1252 3511 1297 3566 est

255 3592 515 3657 evellaverint.

338 3898 448 3958 Nonius
484 3905 595 3976 p.179
629 3898 674 3956 ed.
706 3897 810 3956 llere:
848 3895 1121 3969 „'l*ulrurcinari
1153 3891 1297 3976 significat

255 3985 356 4067 raptim
378 3983 556 4042 manducare.
600 3981 757 4041 Titinius'
749 4003 778 4041 ιιι
800 3981 932 4042 Praelie:

308 4058 557 4142 Tubdrciuari
581 4059 662 4138 sine
687 4091 746 4139 me
772 4068 880 4138 voltis
905 4056 1086 4159 rdliquias.
1096 4071 1120 4110 ‘⁶

256 4172 414 4235 Proelia.
446 4172 515 4232 Pur.
537 4170 645 4250 pelio.
