2938 4848
439 1088 500 1155 Μ.
554 1086 917 1154 ΡΔΟῊΙΙ.
1034 1079 1037 1087 ’

627 1243 745 1254 ...μ-

519 1369 836 1431 PAULLUS.

241 1523 361 1583 Botbius
383 1523 487 1603 aliique
501 1529 615 1603 putant,
637 1523 710 1583 banc
731 1529 940 1604 praetextatam
960 1521 1049 1584 lirisse
1072 1521 1204 1604 scriptam

156 1612 191 1671 de
212 1609 250 1669 L.
264 1609 382 1668 Aemilio
401 1610 519 1680 Paullo,
541 1609 589 1687 qui
606 1610 756 1680 Perseum,
777 1609 962 1669 Macedoniae
983 1629 1097 1690 regem,
1120 1608 1204 1688 cepit.

156 1697 202 1756 lix
225 1693 410 1777 fragmentis,
442 1713 514 1772 quae
536 1699 687 1772 supersunt
708 1695 890 1772 paucissima,
924 1694 992 1753 nibil
1014 1694 1085 1754 certi
1106 1692 1205 1775 colligi

156 1789 263 1860 potest.
306 1781 363 1838 Per
384 1799 417 1838 se
438 1779 548 1856 quidem
568 1778 661 1838 Paulli
682 1779 873 1850 Macedonici,
907 1799 989 1857 quern
1011 1799 1072 1839 curn
1095 1780 1204 1838 Perseo

155 1865 259 1927 Livius
280 1865 353 1924 nise
371 1865 462 1923 XLV.
478 1871 524 1930 du
550 1870 636 1924 vocat
657 1865 852 1923 documentum
874 1864 1057 1923 humanorum
1079 1883 1204 1935 casuum,

157 1950 305 2029 aptissimo
326 1957 388 2010 erat
409 1969 532 2028 persona
553 1950 590 2007 ad
610 1948 739 2021 fabulae,
776 1949 943 2030 tragoediae
971 1949 1069 2020 simili,
1104 1969 1205 2028 suppe-

133 2036 304 2095 ditandum
331 2041 537 2116 argumentum.
588 2033 682 2092 Minus
710 2041 803 2093 tamen
831 2035 896 2093 mibi
917 2034 1028 2095 videtur·
1050 2033 1204 2112 probabile,
1312 2090 1314 2094 .

158 2128 272 2200 poetam
293 2120 437 2199 aequalem
459 2139 553 2198 suum,
576 2119 656 2177 cuius
677 2118 797 2178 lristoria
818 2118 940 2177 noudum
963 2118 1205 2200 elonginquitate

158 2207 280 2284 quodam
293 2205 433 2264 hominum
449 2203 549 2262 animis
566 2203 784 2274 obversabatur,
806 2204 834 2262 io
850 2223 980 2264 scaenam
1002 2202 1205 2276 introduxisse,

160 2291 215 2350 etsi
242 2310 312 2351 vere
338 2290 478 2349 interdum
497 2289 625 2348 bomioes
645 2289 774 2349 viventes
795 2289 823 2346 io
845 2289 888 2347 his
909 2288 1012 2348 fabulis
1039 2308 1206 2369 repraesen-

147 2376 213 2435 tati
235 2381 319 2446 suot,
341 2395 424 2454 quom
444 2375 539 2454 potius
560 2374 596 2434 L.
618 2374 765 2433 Aemilium
786 2373 931 2445 Paullum,
957 2373 1135 2433 Macedonici
1156 2393 1206 2454 pa-

160 2468 248 2532 trem,
279 2459 343 2539 qui,
375 2459 475 2520 iterum
503 2459 602 2519 consul
609 2500 618 2531 ,
649 2459 677 2518 in
705 2457 819 2518 liroesto
846 2458 895 2518 illo
923 2458 1060 2518 Romanis
1087 2459 1206 2538 proelio,

160 2545 196 2605 ad
216 2547 332 2617 Cannas
353 2544 501 2604 commisso
523 2545 556 2604 C.
574 2544 707 2603 Terentii
728 2544 865 2604 Varronis
886 2544 1016 2625 collegae
1039 2544 1206 2616 temeritate,

161 2629 239 2689 omui
264 2630 347 2708 culpa
373 2649 488 2703 careas,
520 2649 679 2709 supremum
706 2628 778 2688 diem
805 2627 883 2688 obiit.
927 2628 990 2689 Vid.
1011 2628 1112 2690 Livius
1133 2629 1207 2690 llist.

160 2714 257 2773 XXll.
270 2721 310 2776 38
328 2733 389 2793 sqq.
431 2713 531 2774 Potuit
552 2721 645 2774 autem
666 2712 744 2788 lieri,
773 2720 805 2773 ut
826 2713 948 2796 egregia
969 2734 1032 2774 sors
1052 2713 1104 2774 filii
1124 2735 1208 2797 egre·

161 2801 241 2882 giam
269 2806 374 2858 sortem
401 2798 490 2879 patris
518 2799 559 2858 ita
580 2799 705 2860 Pacuvio
733 2799 762 2858 in
789 2801 950 2859 memoriam
978 2806 1142 2873 revocaret,
1176 2807 1209 2860 ut

162 2887 236 2944 baoc
256 2884 310 2944 sibi
331 2883 506 2944 scribendam
523 2892 694 2962 proponeret
714 2882 852 2960 fabulam,
875 2905 945 2964 qua,
968 2885 1033 2944 dum
1054 2885 1131 2945 illius
1150 2885 1209 2947 uir·

162 2976 240 3030 tutes
262 2969 488 3041 celebrarentur,
509 2970 592 3028 simul
614 2969 710 3043 huius,
732 2976 789 3030 tam
811 2969 915 3029 eximio
936 2990 1046 3050 genere
1067 2970 1137 3042 orti,
1159 2990 1209 3030 au·

162 3062 282 3136 geretur·
304 3053 413 3136 gloria,
444 3053 653 3133 triumphusque
679 3055 728 3114 ille
748 3055 927 3136 praeclarus,
961 3054 996 3115 de
1017 3056 1126 3116 Perseo
1147 3056 1209 3116 Ma-

163 3140 374 3218 cedonibusque
396 3145 491 3211 acuis,
525 3139 555 3198 io
576 3145 765 3218 spectatorum
787 3139 887 3200 animis
909 3139 990 3218 quasi
1011 3139 1112 3199 iterum
1140 3160 1210 3222 oge-

163 3233 252 3285 retur.
296 3225 328 3284 ld
349 3242 384 3284 eo
405 3223 585 3285 verisimilius
607 3231 665 3298 est,
699 3226 774 3304 quud
795 3225 881 3286 etiam
902 3225 997 3298 Attio,
1028 3244 1080 3283 our
1100 3224 1137 3284 L.
1159 3225 1211 3286 Ju-

164 3311 241 3370 nium
262 3310 380 3370 Brutum
401 3307 498 3368 fabula
519 3309 651 3369 scaenica
671 3307 843 3383 illustraret,
876 3329 964 3370 causa
991 3308 1138 3369 exstitisse
1160 3331 1211 3390 pu·

166 3395 222 3455 tari
243 3400 339 3474 potest
359 3394 397 3453 Ι).
418 3395 540 3467 Brutus,
568 3413 649 3474 quem
670 3392 835 3455 familiarem
855 3401 959 3474 poetae
979 3393 1068 3455 fuisse
1089 3401 1211 3456 testatur

140 3507 143 3512 ·
166 3481 267 3540 Cicero
288 3481 369 3539 Brut.
390 3479 523 3537 XXVlll.

251 3734 359 3793 Nonius
386 3756 414 3814 p.
428 3739 490 3795 490
517 3735 562 3794 ed.
588 3735 694 3798 Mero:
726 3734 938 3816 „Progenii
969 3715 1021 3816 pro
1052 3735 1212 3819 progeniei.

168 3818 309 3880 Pacuvius
330 3819 359 3878 in
380 3819 499 3879 Paullo:
538 3830 540 3833 ’

277 3902 392 3976 Pater
416 3927 583 3995 supreme
609 3904 754 3976 nostrae
779 3907 947 4000 progeuii
969 3907 1120 3999 patris.“

170 4005 274 4066 Eadem
297 4007 383 4066 allatu
403 4004 583 4084 reperiuntur
604 4027 641 4066 ex
663 4006 783 4068 Pacuvii
802 4009 903 4068 Paullo
925 4009 999 4088 opud
1017 4010 1139 4070 Gellium
1160 4010 1212 4070 lx.

174 4097 472 4152 14.-nostrae.
515 4091 577 4152 dos.
606 4091 738 4174 Scaliger
765 4093 801 4152 ad
827 4093 909 4154 Varr.
937 4094 973 4153 de
993 4094 1030 4153 L.
1051 4095 1087 4154 L.
1115 4095 1162 4155 vl.
1184 4118 1213 4177 p.
1256 4099 1257 4102 ’

173 4184 212 4237 68
234 4177 278 4236 ed.
304 4176 474 4236 llurdreebt.
504 4197 531 4235 a.
557 4184 638 4240 1619
660 4177 786 4236 nostri.
815 4210 856 4222 -
884 4178 948 4257 lpse
969 4178 1086 4239 Paullus
1107 4180 1150 4241 bis
1172 4181 1212 4241 al·
