2932 4842
1114 383 1190 460 ldl

154 563 304 645 cingulo
325 561 514 622 choncula.
548 560 708 621 Venalll.
730 560 797 620 Par.
819 559 982 638 cymbula
1003 559 1193 620 obuncula.

154 649 222 708 Jun.
247 667 339 728 marg.
367 646 495 727 togula
527 644 722 705 obunctula
748 664 786 704 ex
813 645 991 716 coniectura,
1013 651 1046 703 ut
1072 645 1192 705 ridetur.

153 731 318 804 Mercerius,
341 732 389 810 qui
410 731 559 802 interdum,
582 749 637 789 non
659 731 766 789 monito
787 730 908 800 lectore,
937 737 966 788 ct
986 747 1053 788 suas
1075 737 1105 789 et
1125 727 1195 789 alio·

154 837 217 877 rum
248 819 428 877 coniecturas
449 816 572 895 recepit,
600 814 726 896 togula
751 813 927 874 obuncula
953 814 1050 874 edidit
1094 814 1195 874 Veram

154 901 323 981 scripturam
345 921 409 960 esse
430 901 593 983 cingula,
621 899 726 960 evincit
747 899 830 958 etiam
852 899 975 958 additum
997 899 1194 972 obuncula,

154 989 230 1066 quod
252 987 326 1045 haud
347 985 432 1046 facilc
454 986 490 1044 ad
512 992 623 1066 togam,
651 983 723 1044 bene
744 984 780 1042 cd
802 984 942 1064 cingulum
964 982 1065 1043 referri
1086 991 1194 1064 potest3

155 1072 223 1132 licet
243 1071 363 1131 Botlrius
384 1070 578 1130 annotaverit:
602 1069 787 1149 „Togulrm
810 1069 863 1140 vel,
885 1069 960 1148 quod
982 1069 1079 1148 steph.
1101 1070 1195 1142 habet,

155 1157 305 1237 cingula
326 1155 506 1214 obuncula
527 1173 599 1232 quae
621 1154 692 1225 sint,
720 1154 831 1227 nescio,
867 1154 1049 1232 suspicorque
1071 1155 1196 1214 scriben-

157 1241 220 1299 dum
243 1259 307 1300 esse
329 1240 550 1312 obunculue,
584 1259 700 1310 curvae,
723 1239 789 1297 anui
811 1238 964 1310 meretrici,
987 1239 1067 1297 cuius
1088 1237 1195 1298 ordinis

155 1324 297 1385 foeminae
322 1333 440 1406 togatae
471 1324 679 1383 ambulabant.“
728 1323 887 1404 Cingula
920 1323 1103 1382 obuncula
1129 1344 1194 1403 pro·

156 1409 233 1470 fecto
261 1410 424 1490 simpliciter
452 1415 497 1468 est
522 1415 640 1470 curvata
670 1408 731 1469 sire
752 1408 881 1480 incurva3
904 1427 977 1486 quae
998 1408 1059 1467 eius
1081 1415 1126 1468 est
1147 1429 1196 1468 na·

157 1503 229 1556 tura.
251 1527 293 1540 -
314 1495 506 1554 Adimetur.
530 1493 599 1553 Ven.
613 1493 635 1552 Ι.
649 1493 685 1553 ll.
706 1492 775 1554 Parss
792 1493 978 1553 adunetur.
1007 1494 1130 1553 Eaedem
1151 1493 1194 1553 in·

154 1600 239 1641 verso
262 1579 361 1640 ordine
381 1578 443 1640 let.
465 1597 560 1658 poss.

240 1900 285 1959 Dc
306 1905 474 1981 argumento
495 1918 533 1958 ex
553 1897 656 1982 fragm.
670 1898 717 1958 lV.
739 1897 861 1980 intelligi
881 1897 1007 1971 ridetur,
1030 1899 1197 1962 discordiam
1256 1889 1259 1902 '

156 1984 353 2045 intercessisse
380 1980 455 2043 inter
483 1983 611 2042 maritum
633 1990 662 2044 et
683 2003 811 2043 uxorem.
854 1983 899 2046 cf.
916 1983 1023 2067 ,fragm
1042 1985 1063 2044 l.
1086 1993 1116 2045 et
1138 1987 1197 2062 lll.,

157 2071 205 2150 ubi
232 2068 355 2130 fortusse
382 2069 418 2128 ad
445 2068 540 2128 liber
570 2068 783 2150 intelligendum
817 2075 861 2127 est
890 2070 1044 2129 molesta
1075 2089 1197 2131 uxore.

156 2155 271 2236 Vrngm.
290 2154 324 2213 V.
351 2152 507 2234 significari
534 2159 602 2231 puto
633 2152 737 2225 virum,
765 2153 830 2232 qui,
861 2155 936 2233 quod
962 2174 1080 2214 uxorem
1113 2156 1197 2215 domo

157 2240 316 2318 expulerit,
338 2237 404 2298 inde
426 2238 612 2299 emolumenta
634 2245 767 2300 nacturus
788 2257 852 2297 esse
873 2239 992 2306 dicatur.
1035 2241 1094 2300 Sed
1115 2241 1199 2301 aliter

156 2345 216 2383 rem
247 2323 390 2395 evenisse,
429 2331 514 2402 atque
541 2323 588 2382 ille
614 2323 831 2402 pronuntiabat,
862 2324 983 2383 coniicio
1017 2345 1055 2384 ex
1081 2325 1197 2386 lncertt.

157 2405 243 2480 XVI„
265 2428 347 2486 quem
368 2408 458 2467 locum
482 2428 518 2468 ex
540 2409 593 2468 lucc
613 2407 709 2468 fabula
730 2415 849 2482 tractum
870 2429 933 2468 esse
948 2410 1081 2469 arbitror.
1103 2411 1199 2472 Causa

157 2493 266 2553 dissidii
293 2491 417 2552 fortasse
440 2492 495 2552 fuit
514 2493 609 2572 puello
630 2493 788 2565 Veliterno,
816 2495 891 2554 uude
918 2494 1063 2574 inscriptio
1085 2493 1199 2556 fabulae

157 2579 246 2665 petita
268 2577 320 2651 sit,
350 2577 451 2656 cuique
472 2578 616 2654 dicantur,
645 2598 717 2657 quae
738 2578 857 2658 septimo
878 2579 944 2639 loco
962 2582 1116 2660 posuimus.
1152 2579 1198 2645 (ll.

159 2669 269 2724 annott.
291 2663 327 2721 nd
348 2660 451 2744 fragm.
467 2661 527 2722 Vll.

564 2829 794 2842 *ψ

511 2938 851 3042 coriscus

243 3133 430 3213 Vopiscum
467 3132 590 3192 fabulam
623 3133 736 3193 Titinio
774 3133 873 3194 tribuit
899 3155 961 3194 cum
994 3137 1197 3218 Christophoro

156 3220 257 3279 Wasio
279 3218 425 3278 Fabricius
447 3218 518 3276 Bibl.
542 3218 608 3277 Lat.
626 3219 672 3277 lV.
698 3227 730 3290 1,
758 3219 879 3279 Nouium
901 3229 1044 3281 auctorem
1065 3223 1197 3285 afferens.

159 3306 225 3387 Ego
248 3323 398 3382 nusquam,
426 3323 478 3363 uec
508 3304 582 3380 apud
609 3303 729 3362 Nonium
755 3324 807 3364 nec
834 3306 908 3384 apud
929 3305 1013 3365 alium
1035 3327 1199 3388 quemquam

159 3390 325 3468 scriptorem
352 3388 495 3466 antiquum
526 3387 629 3446 Titinii
660 3387 810 3466 Vopiscum
832 3398 1073 3451 commemoratam
1093 3393 1198 3458 inveni.

160 3473 270 3533 Afranii
293 3472 430 3552 Vopiscus
451 3471 614 3551 saepissime
635 3472 773 3532 laudatur.

193 3757 556 3818 rucuu'rAuUM
590 3758 920 3820 FABULARUM
949 3761 1165 3824 ΤΙΤΙΝΗ.

668 3911 704 3986 Ιι

243 4027 351 4086 Nonius
381 4049 408 4106 p.
428 4033 489 4087 210
511 4028 555 4086 ed.
576 4027 680 4086 Mene:
713 4027 890 4099 „Lentem
919 4027 1091 4091 consuetudo
1118 4031 1198 4094 femi-

160 4113 226 4174 nino
248 4131 355 4194 genere
377 4112 432 4172 dici
453 4111 521 4172 vult.
543 4145 585 4158 -
605 4113 762 4172 Masculino
784 4112 926 4173 Titinius:

143 4223 145 4228 ¹
243 4197 355 4258 Lenti
375 4196 511 4267 calido,
533 4196 710 4270 eluellse‚
732 4197 896 4278 trapula,
917 4199 1104 4260 romicnc.“
