2938 4848
281 325 401 446 aa

283 545 392 618 etium
424 543 549 632 Decii,
582 543 722 633 Paulli,
756 567 863 639 quem
893 542 1067 618 Paullum
1095 547 1144 618 ad
1176 543 1323 618 cannas

283 647 444 720 occisum
476 647 591 718 frrisse
623 648 811 740 probabile
844 655 918 735 est,
954 645 1139 736 Marcelli,
1172 644 1326 720 Catonis
1452 655 1453 738 J

283 748 495 846 (Uticensis)
522 749 686 836 nomina,
712 751 841 842 quibus
866 749 1073 822 huiusmodi
1096 747 1246 822 fabulae
1271 750 1324 820 in·

282 854 437 945 scriptae
463 853 667 938 exstabant,
692 850 792 923 haud
817 853 971 922 obscure
995 854 1163 944 produnt.

381 953 484 1023 Inter
510 954 715 1024 comoedias
737 954 837 1024 Acro
862 954 975 1040 solus,
1001 957 1098 1047 quod
1115 955 1248 1040 sciam,
1277 975 1325 1024 ex

282 1056 436 1147 antiquis
453 1054 689 1144 scriptoribus
707 1061 952 1146 praetextatas
972 1061 1150 1126 recenset.
1184 1053 1325 1126 Verum

281 1165 533 1251 praeterquam
566 1159 661 1247 quod
693 1157 815 1226 omnia
839 1157 920 1244 illa,
954 1179 1048 1250 quae
1075 1157 1324 1248 exposuimus,

280 1263 389 1331 istam
421 1259 626 1348 opinionem
659 1260 847 1345 refellunt,
888 1259 996 1329 etiarn
1022 1258 1219 1330 scholiasta
1246 1258 1325 1349 ipse
1452 1277 1453 1350 ξ

281 1373 354 1432 tam
380 1360 585 1431 dubitanter
608 1361 784 1452 loquitur,
817 1367 959 1431 utrem
986 1362 1020 1432 ei
1044 1383 1193 1452 prorsus
1217 1361 1325 1453 igno·
1452 1393 1453 1416 ι

242 1508 244 1510 -
281 1469 355 1534 tam
386 1463 502 1534 fuisse
535 1468 720 1552 appareat.
772 1459 876 1533 Haec
909 1462 1005 1532 euim
1040 1465 1135 1553 apud
1163 1484 1248 1533 eum
1274 1463 1325 1532 le·

281 1577 414 1658 guntur
429 1557 549 1661 ¹¹⁵):,
552 1560 844 1649 ,Praetextatam
869 1563 1020 1654 quidam
1035 1565 1157 1634 dicunt
1177 1570 1323 1656 tragoe-

281 1669 395 1750 diam,
436 1666 662 1736 comoediam
697 1671 818 1736 autem
856 1672 1029 1757 togatam.
1082 1641 1160 1736 Alii
1199 1673 1324 1736 autem

281 1770 421 1852 dicunt,
455 1773 718 1860 praetextatam
745 1774 781 1836 et
805 1774 966 1858 togatam
991 1768 1199 1838 comoedias
1225 1789 1322 1854 esse,

235 1897 237 1900 ·
280 1870 349 1942 sed
375 1875 541 1960 togatae,
580 1869 618 1938 in
650 1870 778 1960 quibus
810 1876 894 1938 sunt
919 1863 1065 1940 Graeca
1096 1876 1323 1960 argumenta,

280 1977 539 2063 praetextatas,
566 1970 603 2038 in
629 1972 756 2063 quibus
782 1969 927 2040 Latina.
967 1969 1016 2040 Et
1034 1978 1176 2062 togatas
1190 1971 1323 2042 Aelltrs

281 2074 424 2168 Lamia,
451 2072 634 2143 Antonius
650 2070 781 2158 Rufus,
798 2068 864 2141 Gn.
882 2067 982 2168 (Gi)
1003 2070 1188 2159 Melissus,
1209 2072 1323 2144 Afra·

280 2176 374 2262 nius,
388 2172 614 2266 Pomponius
630 2173 862 2264 scripserunt.
890 2169 1170 2245 Comoediarum
1185 2196 1324 2266 genera
1452 2175 1453 2194 ¹

281 2283 365 2348 suut
390 2298 476 2355 sex:
510 2277 727 2362 stataria,
761 2276 973 2362 motoria,
1007 2283 1322 2366 praetextata,

279 2379 575 2523 tabernaria,
593 2387 772 2468 togata,
807 2377 1013 2467 palliata.
1024 2384 1048 2420 ‘⁶
1088 2374 1215 2447 Verba
1240 2375 1321 2450 Co

279 2604 321 2651 se
354 2543 461 2650 mista
485 2588 587 2667 sunt,
628 2589 818 2670 praeterea
842 2602 889 2650 ne
915 2581 1075 2650 eiusdem
1101 2581 1245 2672 quidem
1268 2581 1321 2650 vi-

240 2727 244 2736 »
280 2685 428 2768 dentur,
465 2683 526 2774 qui
560 2689 704 2752 caetera
739 2681 893 2772 scripsit.
945 2678 1082 2753 Parum
1109 2683 1204 2752 enim
1229 2680 1321 2752 haec
1385 2779 1387 2784 ,

281 2807 363 2855 cum
390 2783 683 2854 antecedentibus
710 2782 916 2854 cohaerent.

379 2882 602 2956 Niebuhrius
620 2883 686 2982 ¹¹⁶)
712 2884 855 2970 scribit,
881 2905 990 2976 qurum
1015 2890 1242 2974 praetextata
1262 2907 1319 2956 re-

279 3010 365 3080 gum
392 2993 429 3056 et
451 2987 708 3077 imperatorum
733 2987 832 3058 facta
856 2993 1162 3076 repraesentaret,
1188 3009 1253 3077 per
1278 3009 1320 3056 sc

279 3088 456 3180 intelligi,
490 3110 573 3158 eam
604 3089 774 3158 continuo
807 3095 967 3178 tempore
995 3083 1221 3160 Graecarum
1247 3095 1319 3158 tua·

192 3187 195 3191 ’
279 3191 491 3285 goediarum
518 3191 690 3262 caruisse.
743 3188 873 3266 Qualis
899 3196 1019 3260 autem
1047 3189 1117 3260 fuit
1141 3188 1205 3258 illa
1230 3197 1319 3260 ιιιιι-

278 3294 377 3384 poris
409 3287 654 3383 perpetuitast
692 3289 822 3362 Nonne
854 3291 890 3360 in
918 3286 1143 3364 Graecorum
1174 3311 1319 3384 quoquo

278 3393 501 3486 tragoediis,
531 3394 633 3464 velut
657 3392 853 3484 praecipue
877 3392 916 3464 in
939 3391 1217 3483 Agamemnone,
1242 3391 1318 3462 Ae·

278 3495 393 3586 schyli
417 3505 523 3587 atque
548 3493 872 3566 in-Andromaoha
897 3487 933 3564 et
958 3491 1191 3584 supplicibus
1212 3491 1317 3564 Euri·
1452 3451 1453 3496 ³

364 3759 439 3840 115)
462 3762 499 3822 ad
532 3762 632 3821 flerat.
666 3761 757 3841 Epist.
791 3762 828 3822 ad
861 3761 921 3820 Pis.
943 3769 1015 3824 288·
1037 3793 1079 3807 -
1119 3758 1194 3837 116)
1217 3761 1316 3822 auen.

277 3847 380 3908 Gesoh.
403 3848 443 3906 Τ.
460 3847 482 3906 Ι.
505 3868 532 3926 p.
547 3851 608 3908 543
631 3847 675 3906 ed.
698 3847 749 3905 ll:
771 3847 848 3921 „Sic
872 3843 1142 3927 (dicl'raetaxtutc)
1166 3845 1317 3906 stelltodic

276 3933 392 3992 Thalen
413 3931 585 3992 roemiscbcr
605 3929 740 4013 Koenigc
761 3933 818 3990 und
840 3932 1012 3992 Feldherreu
1034 3931 1086 3990 dar
1108 3929 1249 4011 (Diomcd.
1267 3931 1315 3990 ill.

272 4040 300 4098 p.
314 4014 420 4096 487.),
442 4017 499 4075 und
517 4016 650 4076 hiernach
664 4018 790 4078 versteht
812 4037 843 4076 es
864 4016 922 4076 sich
943 4035 999 4076 von
1022 4016 1123 4088 selbst,
1144 4017 1211 4076 dass
1233 4015 1314 4074 ilrueu

269 4102 451 4184 wcuigstcns
488 4100 534 4160 dic
566 4101 681 4160 Einhait
712 4101 763 4162 der
798 4101 866 4161 Zeit
903 4099 1094 4181 griechischer
1129 4100 1315 4180 Tragoediam

267 4187 376 4263 feblte3
400 4188 465 4247 dass
487 4186 529 4246 sic
550 4186 705 4258 ilistoricu,
726 4185 784 4248 wie
805 4185 851 4246 die
872 4185 1140 4265 shakespaarschen,
1161 4190 1295 4246 waren.“
