2940 4838
1111 400 1204 514 aaa
1279 365 1287 392 '

162 575 196 635 ln
223 574 324 655 quibus
352 573 425 636 male
451 573 560 653 quidem
581 572 784 634 substantivum
805 593 898 634 mors
918 583 985 656 post
1005 583 1116 638 acutam
1137 578 1203 640 ulti-

161 680 234 721 mam
265 660 398 739 syllabam
426 659 506 720 verbi
533 659 635 718 illius
656 659 684 717 iu
706 659 779 718 thesi
799 660 922 740 ponitur.
964 661 1107 722 Facillime
1128 664 1204 745 prio-

161 765 223 804 rem
250 765 360 806 versum
392 745 508 823 explere
537 744 629 823 possis
657 743 805 802 scribendo
832 745 894 804 Sin
917 745 980 806 ille
1003 767 1094 808 nuno
1113 749 1204 810 haee

163 836 219 890 ete.
250 830 399 895 (luadrant
426 835 518 888 autem
547 830 595 888 illa
621 829 706 889 verba
734 849 789 887 uon
812 829 903 888 minus
924 831 997 891 bene
1017 832 1044 891 in
1067 833 1201 893 llaecbia-

163 935 227 974 auor
249 933 408 984 numerum,
430 931 513 992 quam
535 913 563 971 io
586 913 739 972 iambicum.
783 914 867 979 (huod
889 915 924 973 ad
946 917 1113 975 seutentiam
1135 919 1201 977 atti-

161 1005 226 1073 net,
254 999 348 1059 omnia
373 998 429 1057 ista
450 999 524 1057 inter
545 1017 577 1057 se
598 1000 750 1057 cohaerere
770 998 835 1057 mihi
857 998 1004 1072 videntur',
1025 1009 1058 1060 ut
1078 1001 1202 1064 faeere

162 1084 253 1144 satis
275 1082 445 1162 interpreter
470 1082 637 1163 probare;
664 1101 719 1161 qua
749 1081 958 1164 significatione
987 1085 1055 1145 illud
1082 1107 1202 1168 usurpa-

162 1176 221 1227 tum
249 1168 375 1230 videmus
402 1168 486 1227 etiam
512 1186 530 1227 a
558 1169 644 1226 Corn.
672 1167 782 1246 Nepote
809 1168 868 1227 Att.
886 1169 983 1240 xxi„
1014 1171 1061 1229 ubi
1090 1173 1202 1233 Atticus

161 1254 233 1313 baeo
253 1253 451 1333 pronuntiasse
472 1253 589 1312 dieitur:
618 1252 782 1324 „Quantam
805 1272 899 1311 euram
922 1254 1151 1336 diligentiamque
1172 1259 1202 1317 in

162 1338 326 1398 ualetudine
356 1358 418 1397 mea
444 1337 550 1398 tuende
575 1338 629 1396 hoo
656 1344 781 1416 ternpore
813 1337 999 1412 adhibuerim,
1036 1359 1118 1418 quum
1151 1362 1203 1403 vos

164 1429 255 1482 testes
276 1423 401 1494 habeam,
424 1423 492 1480 nihil
513 1439 630 1482 neeesse
652 1428 697 1480 est
717 1421 841 1500 pluribus
862 1423 956 1484 verbis
978 1442 1203 1490 oommemurare.

163 1506 273 1573 uultus
302 1503 425 1587 (idest,
456 1525 512 1586 qua
542 1526 611 1566 aura
638 1514 667 1565 et
694 1503 854 1587 diligentia)
877 1509 1021 1585 quoniam,
1058 1517 1091 1568 nt
1111 1531 1204 1592 spero,

126 1625 128 1630 ·
165 1591 309 1666 satisfeci,
332 1612 376 1651 me
398 1592 465 1651 nibil
486 1592 586 1671 reliqui
609 1590 726 1664 fecisse,
749 1593 824 1670 quod
845 1592 881 1650 ad
902 1595 1054 1652 sanandum
1076 1615 1120 1655 me
1141 1617 1206 1677 per·

161 1675 283 1748 tineret,
309 1677 445 1755 reliquum
468 1684 526 1749 est,
553 1684 586 1734 ut
607 1684 721 1758 egomet
742 1677 807 1735 mibi
828 1678 1007 1738 consulam.“
1050 1679 1140 1745 Quem
1162 1683 1204 1742 lo·

163 1781 227 1820 eum
247 1777 304 1820 noo
326 1762 488 1842 intelligens
509 1761 616 1821 frustra
637 1767 729 1821 tentat
749 1761 888 1821 Bremius.

583 1879 587 1888 '
662 1897 698 1956 ιι.

251 2013 360 2074 Nonius
381 2035 407 2092 p.
425 2019 485 2075 154
499 2013 658 2073 ed.ltlere.:
680 2014 975 2090 „l‘alaestrioos,
999 2017 1079 2096 qnasi
1101 2037 1137 2078 ex
1151 2037 1205 2080 usu

163 2097 330 2178 palaestrae.
374 2097 507 2158 Afranius
529 2099 557 2157 in
579 2099 724 2179 Exceptus

216 2191 337 2270 Etir'rm
365 2201 515 2292 depellis
541 2191 630 2270 mihi
655 2223 800 2271 manum
825 2185 1141 2292 palaestrioosl‘t

163 2317 428 2396 palaestricos.
477 2317 559 2377 Libri
589 2337 655 2378 mss.
690 2339 803 2398 paper
832 2319 1097 2399 palaestrioos;
1130 2323 1205 2382 unde

52 2423 61 2441 .
163 2401 320 2460 Mercurius
341 2401 444 2462 feeerit
465 2409 567 2481 pater
587 2404 851 2482 palaestricus,
874 2405 949 2482 quod
971 2426 1024 2465 nee
1046 2408 1205 2468 sententiae

163 2505 217 2544 nec
239 2493 327 2545 metro
350 2495 395 2546 est
417 2487 663 2548 accommodatum.
707 2489 778 2547 lldd.
801 2496 867 2548 aute
889 2491 977 2549 blera.
1000 2511 1065 2570 per
1086 2492 1202 2570 palae·

163 2570 308 2630 strieou.
341 2572 407 2631 Jun.
435 2593 525 2652 marg.
557 2593 667 2652 papae
699 2574 961 2652 palaestrieoig.
1004 2576 1089 2635 llletri
1110 2577 1206 2658 gratia

162 2654 232 2714 illud
258 2676 366 2735 paper
392 2656 437 2717 vel
464 2677 527 2737 per
552 2677 668 2736 prorsus
696 2659 860 2718 eliciendum
888 2679 951 2719 esse
966 2660 1049 2724 uidit
1075 2661 1203 2723 Botbius.

163 2737 355 2801 Pronuntiare
376 2748 470 2801 autem
491 2742 561 2802 baeu
581 2742 693 2803 videtur
713 2743 840 2822 paedico.

659 2878 708 2938 ιιι.
807 2876 809 2880 ·
890 2854 892 2858 ’

250 2992 360 3052 Nonius
387 3017 414 3074 p.
435 3003 495 3056 160
523 2956 567 3054 ed.
595 2995 698 3055 blera:
721 2996 925 3069 ,‚Petiolus,
957 3001 1067 3078 apede
1089 2999 1205 3059 diminu-
1282 3025 1285 3030 ·

164 3077 232 3137 tire.
275 3076 410 3138 Afranius
431 3080 460 3138 in
481 3082 625 3160 Excepto:
1093 3078 1094 3087 ¹

214 3161 337 3254 Atque
363 3166 452 3235 adeo
479 3167 565 3235 nolo
591 3169 688 3236 nudo
714 3167 848 3258 petiole
874 3167 927 3238 ire
952 3173 1056 3239 rua.“

164 3278 335 3338 Petiolus
357 3315 397 3326 -
421 3283 571 3361 petiolo.
593 3284 656 3343 htd.
679 3283 744 3342 Bas.
767 3285 864 3364 Stepb.
887 3285 954 3344 luo.
975 3285 1206 3344 Pediolus-

166 3363 328 3443 pediolo,
352 3385 389 3424 ex
411 3368 582 3439 coniectura,
604 3376 636 3426 ut
656 3369 775 3428 videtur.
819 3368 876 3428 Sed
898 3370 965 3427 alibi
986 3391 1043 3427 non
1066 3369 1205 3448 reperitur

165 3448 345 3526 pediolus,
375 3453 516 3529 reperitur
542 3453 724 3532 petiolus,
755 3453 785 3512 in
817 3472 873 3532 quo
904 3455 1042 3514 voeabula
1068 3453 1204 3536 lingendo

165 3532 351 3592 deseruerunt
379 3536 555 3617 analogiam,
583 3539 619 3597 ad
646 3556 727 3616 quam
748 3536 782 3596 fit
803 3537 994 3616 pediculos
1016 3557 1034 3597 a
1055 3541 1141 3618 pede,
1172 3547 1205 3599 ut

164 3617 360 3677 reticulum
389 3640 406 3679 a
434 3623 498 3680 reti.
526 3654 567 3668 -
595 3623 649 3681 ire
676 3641 756 3681 rus.
789 3623 838 3682 Sic
865 3622 988 3682 fortasse
1018 3625 1205 3685 scribendum.
1282 3654 1284 3657 ·

164 3700 245 3760 Libri
268 3723 304 3762 es
326 3724 398 3782 pus.
441 3705 576 3765 Perottus
606 3709 764 3786 Cornucop.
796 3728 824 3768 v.
846 3707 1014 3766 Petiolus
1035 3708 1121 3768 offert
1142 3729 1206 3768 am·

165 3785 283 3859 bules3
306 3790 341 3847 ad
356 3791 523 3849 sententiam
541 3811 596 3850 non
609 3791 689 3850 male.
718 3792 872 3850 Salmasius
887 3794 922 3851 ad
939 3793 1029 3852 Solio.
1052 3815 1078 3872 p.
1095 3798 1164 3855 154.
1175 3795 1204 3854 b.

165 3869 199 3928 ll.
222 3878 335 3931 aestu.
363 3874 532 3935 Bothius:
568 3877 688 3946 ,‚F0rt.:
718 3893 731 3920 ⁸
753 3878 867 3955 Atque
894 3911 936 3920 -
958 3877 1104 3957 petiolo.
1128 3879 1207 3937 blls

164 3955 253 4034 pius.
288 3957 354 4015 Vel:
388 3969 458 4038 pet.
490 3979 570 4020 esse
602 3960 697 4038 plus,
732 3962 759 4019 b.
788 3982 813 4020 e.
837 3955 978 4041 amplius,
1012 3962 1117 4020 diutius
1154 3959 1206 4042 (ef.

164 4040 285 4099 Terent.
308 4043 377 4102 lieo.
397 4052 424 4118 2,
450 4054 476 4116 1,
501 4042 584 4123 39.]‚
607 4053 640 4103 ut
661 4046 757 4105 neseio
780 4046 842 4124 quis
864 4067 896 4106 se
917 4045 1034 4126 amplius
1056 4048 1137 4105 nudis
1156 4067 1205 4126 pe-
1326 4113 1328 4122 .

165 4124 247 4184 dibus
269 4125 372 4186 iturum
393 4137 496 4210 neget,
519 4129 566 4209 qui
586 4127 698 4190 babitus
720 4131 881 4210 plerumque
902 4131 958 4190 fuit
977 4131 1206 4210 pbilosophorum

164 4229 347 4290 graecorum,
382 4213 507 4293 inprimis
535 4215 714 4292 Cynicorum.
749 4216 812 4277 Vid.
840 4217 960 4276 Salmas.
987 4217 1024 4276 ad
1051 4217 1216 4278 Tertullia-

940 4312 982 4378 14
