2932 4842
262 405 338 482 tlt

756 577 809 640 lX.

348 697 458 762 Nonius
490 718 518 776 p·
541 703 601 760 ὅθι
630 697 675 756 ed.
707 697 812 758 llere:
845 695 1034 777 „Spissum
1061 689 1209 774 significat
1229 691 1316 754 tarde

270 780 419 866 (turdum).
441 810 497 828 ·-·
511 781 640 840 Titinius
661 781 690 840 iu
713 781 847 843 Gemino:
1270 793 1305 806 ³

316 869 468 960 Longus
495 889 614 937 sermo
641 866 813 949 hebetum
838 865 1043 936 revortetur
1067 863 1225 954 spissa.“

264 971 372 1030 Versus
402 976 446 1029 est
477 969 659 1028 Bocclriacns.
702 970 822 1029 llothius
853 987 916 1027 cum
947 967 1032 1026 habet
1061 986 1113 1045 pro
1136 969 1315 1044 asynnrtetn,

267 1077 305 1116 ex
331 1055 440 1114 (luobus
468 1054 655 1133 ithyphallicis
677 1061 836 1114 constante.
879 1053 952 1123 Sed,
983 1059 1015 1110 ut
1034 1052 1143 1110 mittam
1164 1057 1315 1127 osyoarte-

268 1147 326 1199 tum
342 1159 455 1200 versum
471 1147 501 1198 ct
517 1140 681 1218 productam
698 1140 814 1219 primam
829 1138 964 1218 syllabam
983 1134 1064 1197 verbi
1084 1142 1314 1204 revertetur,

267 1225 380 1284 omnino
402 1223 486 1282 etiam
509 1224 621 1283 dubium
644 1230 696 1295 est,
719 1245 784 1284 num
806 1243 906 1285 versus
923 1221 1095 1302 ithyphallici
1111 1219 1240 1300 usurpati
1255 1219 1316 1278 sint

266 1311 301 1370 ub
330 1301 522 1369 Romanorum
549 1309 688 1368 scoenicis
714 1309 816 1389 poetis.
861 1307 905 1368 Cf.
934 1307 1087 1366 Hermann.
1109 1306 1196 1365 Elem.
1220 1306 1314 1363 doctr.

267 1401 348 1456 metr.
366 1395 403 1453 ll.
418 1393 470 1452 Xl.
494 1401 523 1456 4.
568 1393 714 1472 Quotquot
735 1395 763 1453 in
785 1394 880 1454 Botlrii
901 1391 1124 1474 fragmentorum
1145 1389 1315 1450 collectione

267 1479 405 1540 eiusmodi
426 1497 527 1540 versus
547 1478 651 1558 reperi,
673 1478 694 1538 ii
717 1497 814 1539 omncs
836 1479 919 1540 aliter
939 1475 1072 1538 mctieudl
1093 1474 1234 1538 videntem.

768 1613 807 1674 X.

352 1731 461 1791 Nonius
482 1752 510 1811 p.
525 1735 587 1793 405
600 1751 641 1810 sq.
658 1733 703 1794 ed.
718 1733 824 1794 Mero:
846 1703 1027 1806 „Tandem
1048 1727 1193 1812 significet
1207 1734 1312 1788 tamen

270 1815 399 1876 Titinius
422 1817 450 1874 in
473 1816 607 1877 Gemina:

318 1901 462 1974 -Sin
493 1898 630 1974 torma¹
647 1901 729 1974 odio
763 1925 861 1990 sum,
903 1899 1048 1972 tandem
1080 1905 1120 1971 nt
1152 1897 1313 1970 moribus

878 1994 1044 2098 placatior
1069 2003 1188 2072 viro.“

270 2103 333 2163 Sin
366 2102 479 2164 formo
506 2104 588 2163 odio
620 2125 702 2167 num.
746 2105 796 2165 Sic
825 2106 914 2164 llere.
945 2124 1006 2165 cum
1034 2103 1133 2182 Lipsio
1162 2101 1312 2180 Antiquar.

272 2189 337 2248 lect.
358 2190 379 2248 l.
394 2197 422 2254 2.
461 2189 493 2248 ln
516 2189 721 2268 antiquioribus
743 2189 806 2249 eud.
829 2206 873 2272 est
895 2189 1119 2269 Symphonia
1140 2187 1313 2246 odiosum.

271 2275 332 2334 lun.
360 2295 450 2356 marg.
485 2274 566 2335 odio
597 2296 679 2335 sum.
722 2276 859 2348 Botlrius,
890 2283 923 2334 ut
953 2275 1066 2356 integer
1092 2291 1192 2334 versus
1222 2272 1313 2331 troclr.

271 2366 381 2420 tetrum.
410 2367 466 2421 cot.
489 2361 656 2432 exsisteret,
689 2361 752 2419 Sin
781 2361 863 2422 odio
885 2381 955 2419 sum
977 2359 1089 2419 forma
1111 2358 1207 2417 edidit.
1236 2357 1313 2418 lolem

271 2451 403 2503 annotat:
432 2445 534 2518 „Molo
561 2446 703 2504 tandem
724 2466 776 2525 pro
798 2453 914 2505 tomen
936 2445 1038 2524 occipit
1058 2440 1233 2504 umectus
1253 2443 1312 2500 Ex·
1345 2498 1347 2504 .

271 2530 429 2607 ponendum
456 2529 551 2608 potius
582 2531 748 2590 saltans.“
791 2532 859 2590 Mili
881 2531 972 2590 minus
994 2527 1180 2609 vituperando
1201 2527 1313 2587 videtur

270 2613 356 2671 Nonii
384 2614 545 2692 explicatio.
588 2615 707 2674 Vossius
739 2617 858 2694 Etymol.
881 2617 1082 2677 v.Tan1en:
1104 2612 1312 2687 „Quemadmo-

271 2697 335 2756 dum
356 2730 399 2742 -
425 2698 570 2760 tametsi
595 2706 641 2762 cst
661 2720 700 2760 cx
720 2700 935 2773 tamenetsi,
966 2701 1008 2762 sic
1028 2706 1060 2758 et
1081 2699 1222 2758 tandem
1244 2696 1312 2754 dici-

271 2788 319 2839 tur
340 2781 420 2860 quasi
442 2785 734 2847 tomendemum.“

761 2919 812 2979 Xl.

354 3033 465 3093 Nonius
491 3058 518 3115 p.
536 3045 598 3098 406
624 3039 669 3098 ed.
695 3040 799 3102 Mercu
833 3038 968 3110 „Dicitur
996 3036 1111 3120 (toga)
1139 3045 1169 3097 et
1196 3043 1322 3097 tectum.

271 3117 401 3177 Titinius
422 3121 452 3179 in
475 3122 610 3181 Gemino:
901 3143 945 3211 „p
1154 3165 1160 3178 ·

314 3203 352 3262 si
381 3183 441 3264 rtis
469 3225 542 3265 cum
570 3215 691 3266 scorto
724 3178 1023 3280 constituit.'re,
1056 3190 1180 3270 clavis
1208 3181 1311 3288 illico

313 3279 478 3348 abstrudi
484 3290 625 3464 ¹puteo,
653 3294 813 3354 rusticae
841 3287 952 3375 togati
985 3314 1026 3353 ne
1053 3293 1104 3352 sit
1130 3281 1311 3397 copic,[i(l

312 3381 384 3445 cst,
405 3376 494 3436 tect'
855 3377 859 3391 ‘
1252 3391 1254 3394 ’

272 3455 322 3518 Sic
342 3459 388 3519 ed.
409 3459 498 3523 ltlerc.
542 3463 574 3522 ln
596 3463 801 3541 antiquioribus
822 3464 886 3526 cdl.
909 3483 960 3543 pro
983 3461 1104 3527 sirus
1126 3469 1172 3524 est
1192 3463 1311 3540 Syrus.

272 3542 340 3601 Jnn.
362 3563 453 3625 marg.
477 3545 515 3603 Si
536 3566 606 3605 rus.
639 3548 736 3608 Locus
758 3554 803 3606 est
824 3550 1002 3628 depravatus,
1025 3567 1105 3625 quem
1125 3548 1205 3608 vario
1229 3547 1312 3606 modo

272 3627 422 3687 emendare
449 3631 625 3691 studuerunt.
675 3633 833 3694 Palmcrius
860 3634 889 3694 in
922 3633 1073 3714 spicileg„
1107 3635 1190 3693 Grnt.
1220 3633 1311 3692 Thes.

271 3709 335 3769 crit.
358 3712 397 3770 Τ.
412 3713 459 3772 lv.
482 3736 509 3793 p.
526 3723 598 3787 766,
620 3716 706 3799 legit:

313 3795 351 3852 Si
373 3816 431 3854 rus
452 3807 575 3859 scorto
598 3801 809 3873 constituit,
833 3801 953 3863 eleves
974 3802 1063 3862 ilico

312 3877 488 3942 anstrudi
509 3885 630 3958 iubeo,
651 3887 812 3946 rusticae
835 3907 876 3947 ne
897 3887 947 3946 sit
968 3893 1078 3970 togae

312 3964 440 4044 Copia,
464 3968 499 4026 id
520 3977 591 4040 ert,
614 3972 720 4032 tecti.

269 4046 425 4109 Mercerius
448 4052 552 4113 Titinii
573 4075 673 4116 versus
694 4056 737 4116 sic
757 4057 899 4116 restituit:

312 4133 352 4194 si
372 4155 431 4195 rus
453 4157 526 4197 cnm
548 4148 674 4201 scorto
696 4142 894 4202 constituit
915 4143 984 4215 ire,
1007 4143 1129 4204 clares
1151 4141 1255 4201 illico

311 4219 486 4284 Abstrudi
507 4224 627 4298 iubeo,
650 4246 694 4287 ne
714 4225 881 4298 rusticae
902 4235 1013 4311 togae
1034 4229 1084 4288 sit
1103 4227 1217 4307 copia.

23 4356 179 4584 't'lnlj
224 4363 553 4506 tutataqqp.
