2938 4848
257 373 286 452 6

258 549 382 646 pando
413 555 500 636 autc
531 549 578 624 da
596 548 694 626 'illis
714 549 943 642 exposuerit3
982 557 1020 623 at
1051 549 1188 644 priore'
1201 551 1301 642 loco,

259 661 300 726 nt
324 652 505 741 vidimus,
541 652 797 746 grammaticus
821 661 901 724 'non
932 654 1078 746 proprie
1111 655 1157 724 de
1189 654 1301 725 mimo

259 755 436 848 loquitur,
475 755 544 826 sed
573 757 621 826 de
653 754 863 848 planipedc,
907 778 1014 849 quem
1053 757 1302 827 tantummodo

262 854 407 930 Graece
437 857 586 928 mimum
618 857 793 948 appellari
824 857 921 928 dicit.
979 855 1040 928 Ile
1072 858 1302 948 pantomimis

258 959 319 1031 hio
344 966 554 1031 sermonem
567 981 647 1029 non
674 973 773 1045 esse,
800 959 911 1030 etiam
937 981 986 1029 ax
1006 959 1129 1029 verbis
1148 981 1302 1051 sequen·
1332 973 1335 978 '

260 1063 356 1133 tibus
374 1068 544 1153 apparet:
569 1059 731 1149 „Mimos
752 1061 868 1131 dietus
893 1055 996 1155 παρὰ
1020 1055 1063 1130 τὸ
1088 1059 1302 1153 μιμεῖσθαι,

261 1161 367 1257 quasi
396 1163 500 1236 solus
531 1163 707 1248 imitetur,
747 1184 857 1255 quum
892 1169 928 1234 et
966 1161 1060 1233 alia
1092 1169 1303 1254 poemata

259 1265 357 1336 idem
381 1263 536 1355 iaciant,
567 1266 634 1336 sed
658 1265 759 1336 solus
786 1264 889 1357 quasi
913 1264 1103 1356 privilegio
1131 1266 1302 1356 quodam,

260 1367 356 1460 quod
371 1367 442 1439 fuit
456 1388 663 1454 commune,
684 1365 856 1459 possedit.
866 1373 891 1410 ‘⁶
939 1365 1069 1459 Neque
1095 1365 1191 1437 enim
1215 1387 1304 1457 pan·

260 1468 430 1541 tomimos
463 1474 520 1540 est
550 1465 749 1566 poemati).
810 1465 891 1539 Nec
921 1466 1151 1561 intelligitur,
1191 1488 1303 1560 quare

260 1568 462 1643 Diomedes
487 1568 547 1640 hic
569 1568 729 1642 mimus
755 1570 954 1661 scripturus
978 1570 1090 1641 inerit
1109 1591 1187 1660 pro
1202 1571 1303 1661 pan·

208 1664 211 1672 ’
262 1673 493 1759 tomimus,
529 1693 639 1764 quum
663 1672 786 1763 paullo
813 1669 971 1769 post¹³),
1010 1671 1074 1741 ubi
1100 1670 1180 1741 eius
1206 1693 1304 1741 men·

260 1773 311 1846 tio
339 1781 418 1844 erat
435 1772 623 1860 facienda,
649 1772 721 1844 hoc
746 1774 925 1844 vocabulo
951 1793 1040 1844 usus
1066 1772 1123 1844 sit.
1175 1771 1305 1865 Itaque

262 1897 311 1947 ex
342 1875 406 1963 iis,
443 1897 536 1967 quae
569 1874 850 1966 disputavimus,
893 1875 1072 1967 sequitur,
1112 1873 1305 1944 mimorum

259 1993 393 2048 nomen
419 1975 554 2069 duplici
578 1976 840 2070 significatione
865 1983 1078 2070 usurpatum
1111 1997 1213 2063 esse,
1251 1976 1304 2046 la·
1387 2041 1390 2048 f

261 2077 355 2150 tior‘e
379 2071 416 2150 et
436 2078 659 2172 angustiore.
710 2077 793 2150 Hoc
819 2079 913 2150 enim
927 2081 1008 2149 sola
1033 2077 1175 2148 ratione
1200 2076 1305 2148 intel·

260 2180 402 2274 ligitur,
438 2183 500 2273 qui
513 2180 605 2269 nm,
635 2188 685 2251 ‘ut
709 2180 920 2273 planipedes
944 2182 1053 2252 modo
1081 2179 1304 2274 distinguan-

261 2287 321 2354 tur
345 2303 369 2354 a
393 2281 531 2371 mimis,
563 2284 673 2354 modo
697 2282 798 2354 mimi
824 2305 906 2354 esse
932 2284 1112 2354 dicantur.

362 2398 563 2478 Quaeritur
582 2400 674 2488 iam,
700 2401 786 2494 quid
811 2399 1014 2472 interfuerit
1037 2398 1132 2469 inter
1156 2398 1305 2470 mimum

262 2503 485 2596 angustiore·
498 2502 759 2595 significatione
784 2508 822 2572 et
844 2501 1099 2594 planipediam.

362 2617 544 2712 Iosephus
583 2617 805 2715 scaligero)
846 2619 953 2708 dicit,
1001 2617 1306 2712 quemadmodum

263 2721 448 2814 pedaneus
467 2727 669 2814 opponatur
690 2721 823 2805 curuli,
850 2720 901 2790 ita
923 2717 1149 2814 planipedem
1171 2717 1306 2811 opponi

263 2823 391 2910 mimo,
434 2830 476 2893 ut
500 2823 663 2916 planipes
689 2823 779 2893 nihil
804 2821 904 2895 aliud
929 2823 994 2911 sit,
1034 2823 1142 2914 quam
1174 2821 1305 2892 mimus

261 2926 457 3017 pedaneus.
515 2924 636 3002 ‘Quod
666 2932 708 2995 ut
739 2925 941 3013 confirmet,
989 2923 1148 2996 Ausonii
1185 2922 1306 2993 locum

264 3025 385 3097 affert:
412 3023 519 3114 „Nec
535 3028 580 3097 de
602 3027 711 3096 mimo
732 3025 978 3119 planipedem,
1005 3049 1073 3098 neo
1090 3028 1137 3097 de
1163 3046 1305 3094 comoe-

263 3127 320 3199 dis
339 3127 595 3224 histrionemf‘
647 3127 826 3225 scaligeri
851 3131 964 3199 verba
990 3128 1119 3218 repetit
1135 3125 1306 3197 Andreas
1389 3169 1393 3176 ·

263 3226 443 3300 Daoerius
452 3229 520 3327 ¹⁷),
559 3219 757 3322 eademque
790 3231 968 3300 sententia
999 3229 1069 3300 fuit
1101 3227 1164 3298 Jo.
1197 3227 1305 3318 Bapt.

264 3327 479 3429 Casaliiss),
521 3326 609 3404 Ger.
649 3330 712 3403 Jo.
745 3330 871 3405 Vossii
879 3331 947 3428 19),
986 3329 1132 3401 Nioolai
1171 3325 1306 3399 Gallia·

264 3431 404 3530 chii20).
466 3429 587 3503 Docet
618 3432 761 3525 quidem
798 3434 906 3504 etiam
937 3429 1176 3516 Plutarchus,
1213 3430 1306 3504 alios

263 3533 393 3604 mimos
419 3538 497 3602 arte
524 3535 679 3627 quadam
699 3535 816 3606 fuisse
840 3532 1079 3625 compositos,
1113 3531 1207 3604 alios
1228 3537 1306 3602 tan·

349 3764 404 3849 14)
426 3766 490 3827 Vid.
508 3767 630 3828 Gesneri
651 3768 742 3829 Thes.
764 3769 836 3852 ling.
856 3768 924 3829 Lat.
944 3789 972 3831 v.
989 3767 1243 3827 Pantomimus.
1263 3797 1308 3810 -··

266 3848 320 3932 16)
342 3873 371 3932 p.
385 3859 458 3914 489.
479 3885 523 3898 -
552 3853 605 3933 16)
628 3855 665 3914 ad
681 3853 760 3914 Fest.
781 3873 809 3915 v.
829 3855 1034 3914 Orchestra.
1054 3885 1098 3900 --
1121 3850 1174 3934 17)
1196 3851 1307 3912 ibidem.

262 3970 307 3984 -
335 3932 390 4017 18)
418 3937 454 3996 de
474 3937 646 4020 Tragoedia
667 3945 697 3998 et
719 3939 872 4000 Comoedia
893 3939 944 4011 ΙΙ.,
972 3939 1098 3999 Gronov.
1120 3937 1213 3998 Thes.
1234 3933 1309 3995 anti-

264 4021 348 4101 quitt.
371 4022 474 4082 Graec.
497 4023 537 4082 T.
550 4023 624 4082 Vlll.
645 4044 673 4102 p.
688 4031 779 4086 1616.
801 4025 835 4084 Β.
857 4057 899 4071 --
931 4017 1001 4105 19)
1016 4023 1153 4082 Instituit.
1174 4025 1251 4100 polit.
1272 4018 1309 4078 ll.

264 4115 315 4170 32.
344 4113 371 4167 1.
393 4137 435 4154 -
464 4106 518 4189 20)
548 4109 583 4168 de
604 4107 695 4168 Ludis
716 4109 836 4170 scenicis
857 4108 1003 4168 mimorum
1029 4114 1059 4168 et
1079 4105 1311 4186 pantomimorum

261 4199 408 4274 syntagm.
431 4192 505 4250 vm.
