2932 4842
264 355 343 438 tec

265 538 329 599 dnm
356 545 402 599 est
426 538 472 598 hic
496 537 661 600 sominium
688 539 871 599 se'nectnti'
902 540 948 601 eei
975 533 1159 612 s’nectnti,
1180 546 1214 599 nt
1231 539 1307 598 enos

264 639 321 684 non
349 625 451 697 Μὴ
487 623 542 682 nisi
569 621 645 684 ere
677 631 756 684 necte
789 626 986 704 tmneponituu·
1012 645 1035 685 e·
1059 615 1178 684 teum:
1215 629 1308 683 ttae

264 709 458 770 senectuti.
480 730 524 755 -υ-
542 708 646 770 seuit
661 725 781 769 coeco.
806 709 874 769 Per.
894 711 996 772 venit
1015 711 1103 770 idem
1125 711 1244 770 cneco.
1257 723 1307 756 2³-

264 794 418 855 dementi
439 793 506 852 tibi
525 787 673 878 iudegevit
693 794 821 854 noenius.
844 795 915 855 cod.
938 795 1057 875 Geeipin
1078 796 1166 854 Meto.
1186 795 1308 857 deue-

263 880 342 940 tibi.
364 880 428 939 Aid.
451 873 546 938 deme
562 879 641 938 tibi.
669 878 740 938 Veo.
753 881 779 938 i.
795 879 834 938 ii.
855 875 1018 940 demetii.
1038 873 1188 939 Pettsste.
1201 871 1307 958 stepo.

263 965 332 1025 Jun.
359 964 523 1023 dementi.
555 995 594 1010 -
625 964 709 1030 Quod
740 965 776 1030 nd
807 964 876 1022 iiind
908 962 1080 1036 inscium,
1108 964 1308 1024 insciittnt

263 1049 375 1120 uttinet
397 1049 553 1109 Mercerius
573 1049 643 1107 iueec
663 1047 786 1127 proicit:
815 1049 895 1121 „Vix
921 1048 994 1109 fides
1020 1049 1178 1109 editioeode
1198 1048 1306 1108 Nonio.

264 1137 330 1214 quin
353 1134 447 1213 potius
470 1134 498 1193 io
521 1141 641 1211 utroque
657 1135 786 1212 exemplo
808 1134 962 1193 inscium
984 1135 1129 1205 venire,
1152 1154 1208 1192 non
1225 1133 1307 1193 eliud

265 1225 318 1293 est,
341 1239 422 1298 quom
445 1219 519 1297 opud
534 1219 700 1278 Ciceronem
715 1227 744 1278 et
761 1219 913 1278 Vutrouem
930 1218 1005 1280 infre
1027 1221 1068 1298 (p.
1086 1217 1171 1299 500),
1195 1237 1307 1298 quon-

264 1303 329 1363 iem
358 1303 497 1362 nomine
528 1322 595 1362 uon
618 1303 769 1374 memini,
802 1305 890 1382 quod
913 1305 947 1363 in
969 1304 1078 1364 soium
1101 1303 1307 1384 mihivene-

263 1389 326 1460 rit,
348 1391 502 1468 ponnm.“
536 1387 682 1447 Ciceronis
701 1387 768 1459 ioci,
789 1408 807 1447 o
829 1389 969 1448 Mercerio
991 1387 1154 1470 sig'uificnti,
1175 1387 1204 1446 hi
1219 1393 1303 1445 suot:

263 1473 354 1552 Epist.
382 1474 417 1532 ed
438 1471 505 1532 inm.
519 1472 569 1532 iX.
586 1481 641 1534 26:
664 1472 827 1544 „convivio
857 1473 995 1533 delector:
1028 1473 1065 1532 iti
1086 1474 1204 1552 loquor,
1226 1469 1305 1549 quod

263 1557 292 1619 iu
314 1559 413 1629 scium,
434 1564 467 1615 ut
489 1551 598 1628 dicitur,
620 1565 649 1616 et
669 1556 804 1639 gemitttnt
825 1558 853 1616 in
876 1557 950 1617 tisus
971 1559 1108 1618 maximos
1124 1555 1304 1628 trousfer03“

265 1643 302 1701 de
332 1642 397 1701 Nnt.
425 1642 512 1700 neor.
532 1644 554 1701 1.
573 1649 628 1703 2³:
659 1642 820 1719 „Abuteris
847 1644 882 1702 nd
910 1643 1003 1702 omnin
1033 1651 1187 1703 atomorum
1209 1659 1304 1722 regno

265 1734 294 1787 et
315 1726 443 1798 licentiosi
466 1726 539 1797 iiiuc,
561 1726 745 1806 quodcunque
766 1726 795 1785 in
817 1725 905 1786 solum
927 1727 1013 1798 venit,
1035 1735 1067 1786 ut
1086 1727 1197 1798 dicitur,
1219 1724 1303 1785 essin-

264 1811 311 1894 gis
332 1819 417 1889 etque
438 1807 564 1870 efficis.“
605 1811 646 1870 Ut
666 1805 836 1886 Menoetius,
866 1816 997 1870 senserat
1016 1808 1132 1870 Pnuiios
1158 1803 1303 1870 Manutius

264 1897 301 1958 od
328 1897 387 1955 cte.
415 1895 505 1975 Epist.
527 1896 563 1954 od
584 1893 650 1974 ium.
669 1897 720 1956 lx.
739 1903 795 1967 26,
818 1897 970 1975 eodemque
990 1897 1086 1976 ‘opinio
1107 1903 1153 1955 est
1172 1889 1301 1954 oiiorum.

264 1982 350 2052 dure,
381 1981 479 2053 credo3
505 1981 634 2058 quemvis
660 1978 814 2040 Turnebus
847 1975 1035 2040 Adsere-ix.
1059 1987 1076 2042 2
1099 1981 1223 2040 seiioete
1242 1989 1301 2038 oon

264 2066 448 2137 dubitaverit,
481 2066 554 2143 opud
575 2065 721 2124 Afranium
742 2062 1029 2126 ostentantium
1049 2066 1192 2124 inseiitum
1214 2065 1301 2124 inter-

264 2151 388 2231 preteeti,
411 2171 428 2210 o
449 2150 549 2228 quibus
570 2150 619 2210 vix
640 2151 774 2210 recedere
795 2151 888 2210 tenen
932 2150 1100 2222 (iunctim,
1123 2149 1188 2229 quid
1211 2147 1302 2230 sigui-

263 2236 331 2295 ficet
354 2236 389 2293 in
411 2235 521 2294 solum
542 2235 676 2295 venire.
718 2235 862 2295 Manutius
883 2235 902 2294 1.
925 2255 967 2295 cz
990 2237 1073 2307 „Hoc
1093 2235 1301 2314 proverbium,“

262 2320 362 2399 iuquit,
394 2319 523 2392 „Quod
551 2319 585 2378 in
615 2321 727 2380 solum
754 2316 874 2391 uenit,
902 2321 962 2391 vei,
995 2320 1244 2397 Quodcumque
1265 2319 1300 2377 in

262 2407 374 2466 seium
395 2405 510 2482 teuit,
532 2405 666 2482 quidlibet
687 2404 839 2486 significet,¹
857 2412 891 2464 et
911 2399 1043 2484 quidquid
1060 2404 1202 2475 docimii,
1224 2403 1301 2482 quid·

263 2489 329 2570 quid
351 2499 435 2548 cesus
455 2488 527 2548 fert:
550 2497 606 2546 non
629 2505 680 2568 pro
701 2489 822 2562 ratione,
841 2496 893 2549 not
914 2503 966 2570 pte
984 2491 1229 2560 tectevoiuetote
1251 2487 1301 2548 scd

263 2583 384 2649 temet-c,
417 2587 499 2645 cusu,
521 2571 676 2633 fortuito.“
727 2575 788 2633 Nec
812 2575 901 2633 molto
931 2576 1014 2633 eiiteu
1041 2575 1196 2632 Temenus
1216 2574 1237 2632 Ι.
1259 2591 1299 2632 ct

140 2665 150 2686 ⁸
264 2660 382 2733 „tJt-
402 2679 437 2718 eo
469 2659 576 2716 demum
598 2659 680 2717 nobis
701 2679 765 2718 esse
787 2660 937 2730 uidentur,
969 2678 1041 2738 quoe
1071 2659 1201 2718 sensibus
1228 2679 1302 2717 com·

263 2743 474 2826 prehendimus,
510 2743 587 2803 velut
624 2764 695 2822 quoe
731 2744 776 2804 vei
808 2744 949 2823 tangimus
987 2745 1032 2804 vei
1069 2743 1221 2802 cernimus:
1262 2743 1302 2802 sic

262 2847 327 2890 cum
355 2828 448 2886 munia
476 2827 564 2906 prope
589 2826 666 2886 ienot
692 2829 819 2900 solum,
851 2829 880 2887 id
912 2829 1024 2887 solum
1056 2829 1128 2887 esse'
1159 2827 1302 2886 existimo·

263 2931 340 2986 mus,
372 2914 445 2992 quod
475 2912 504 2971 iu
532 2931 567 2971 eo
592 2914 737 2986 videmus,
776 2921 806 2972 et
837 2913 931 2972 omnio
961 2933 1033 2992 quoe
1058 2920 1127 2972 suut
1155 2912 1182 2971 in
1211 2921 1302 2972 r'erum

263 3008 381 3071 nature,
418 3017 453 3057 eo
480 2997 614 3057 sustineri
644 3006 783 3078 putemus.
831 2997 956 3057 Proinde
989 2999 1081 3076 quod
1107 2997 1142 3056 io
1170 2997 1302 3070 solum,

263 3087 355 3155 vaiet,
393 3083 524 3162 quidquid
553 3095 613 3156 est,
654 3083 786 3162 quidquid
812 3083 930 3154 eccidit,
961 3082 1093 3161 quidquid
1118 3094 1193 3158 sese,
1210 3081 1303 3156 offert,

264 3169 398 3250 quidquid
430 3167 561 3229 evenit.“
605 3169 685 3234 Quae
713 3188 774 3227 com
801 3167 912 3226 Afranii
934 3167 1004 3226 iocis
1025 3187 1121 3247 purum
1144 3168 1303 3226 consentire

264 3255 326 3335 ipse
353 3252 550 3313 animadvertit
570 3253 741 3324 Turnebus,
779 3272 861 3331 quom
889 3251 1012 3311 eNonii
1033 3251 1192 3312 testimonio
1215 3252 1304 3312 disce·

265 3341 333 3398 dere
355 3340 452 3397 noiiet.
494 3337 652 3409 Manutius,
686 3338 765 3398 cuius
792 3337 1009 3417 explicationem
1037 3337 1179 3416 proverbii
1207 3357 1304 3396 receu-

264 3425 368 3494 tiores,
401 3423 475 3502 quod
506 3422 608 3495 sciam,
644 3442 740 3481 omncs
767 3421 889 3502 amplexi
922 3428 1002 3494 suut,
1036 3421 1156 3500 priorem
1192 3420 1304 3480 Afranii

264 3509 355 3568 locum
378 3508 594 3586 interpretetur:
617 3507 726 3579 „Quod
747 3513 852 3567 temere
881 3527 937 3565 non
959 3506 1070 3566 occidet
1091 3506 1194 3565 homiui
1217 3526 1304 3566 cneco

221 3655 224 3668 ,
257 3613 301 3656 stc
321 3593 483 3661 dementi;“
505 3591 637 3656 uitecumt
661 3593 729 3664 „Ne
751 3600 856 3662 temeto
875 3592 1042 3660 succederet
1063 3590 1107 3662 id,
1132 3591 1209 3669 quod
1230 3610 1305 3651 nuuc

266 3677 395 3760 egitur.“
436 3676 506 3736 Mihi
536 3697 590 3736 nec
615 3677 684 3738 hoec
711 3697 804 3756 neque
838 3676 965 3747 omniuo,
997 3678 1069 3754 quoe
1095 3676 1139 3739 vei
1161 3677 1305 3742 Monutios

265 3764 312 3834 sci
341 3761 495 3836 Turnebus
525 3763 719 3840 protulerunt,
751 3762 821 3821 setis
849 3769 915 3840 epte
934 3761 1077 3822 uidentur.
1121 3762 1219 3820 Ortum
1241 3780 1305 3821 esse

266 3849 389 3910 arbitror
410 3847 587 3927 proverbium
608 3847 692 3918 iude,
720 3847 844 3926 quodie
866 3846 959 3907 enimc
978 3845 1188 3926 cogitationes,
1221 3853 1254 3906 nt
1274 3845 1303 3904 in

266 3933 339 4005 solo,
361 3924 389 3992 id
412 3931 465 4003 est,
487 3931 515 3990 iu
538 3940 632 3992 terroe
654 3931 817 4012 superficie,
848 3927 961 4010 pisu'tec
984 3929 1163 3990 enascuntur.
1206 3929 1304 4010 ituque

266 4018 300 4088 in
323 4019 435 4086 solum
459 4008 554 4096 (quaet
575 4031 615 4077 sc.
637 4014 895 4098 cogitetionis)
917 4016 1051 4087 venire
1073 4016 1145 4100 idom
1167 4014 1304 4076 fencesse

305 4111 350 4176 te,
382 4101 458 4183 quod
485 4103 519 4161 in
548 4104 701 4163 mentem'
722 4101 861 4180 venitm
894 4101 1047 4163 et'venit
1065 4099 1147 4160 eiiiu‘i
1167 4097 1305 4179 'uiiquid

253 4197 302 4249 ’11
318 4185 436 4249 ''edittm
466 4187 641 4268 iutetprdttr
668 4187 771 4250 venit
801 4185 883 4246 mihi
904 4181 1066 4247 uiicdiite
1085 4185 1139 4246 n'ei
1161 4186 1196 4246 in
1214 4187 1304 4245 meti-
