2932 4842
1119 405 1197 482 {97

154 571 261 631 datur
291 573 422 631 nemini
448 579 503 633 etc.
558 573 815 654 iioapondatnr
843 577 1019 658 grammatici
1045 587 1105 654 cat,
1138 601 1195 643 non

143 663 265 738 poetae.
308 657 391 737 apud
411 657 575 718 Putacbium
595 678 648 740 pro
669 679 705 719 oo
727 666 773 720 eat
793 660 830 719 R.
850 659 974 756 littera.¹

644 827 696 887 ΙΧ.

240 943 385 1006 Charisius
406 945 443 1003 ll.
465 966 493 1024 p.
512 951 573 1006 190
593 965 639 1025 ap.
661 946 793 1007 Petraia
821 947 962 1020 „Porro
988 967 1041 1027 pro
1067 947 1097 1016 in
1116 948 1195 1012 firna-
1266 979 1268 984 ·

153 1052 225 1092 rum.
248 1064 289 1076 -
311 1027 444 1088 Afraniae
465 1029 494 1088 in
516 1030 714 1110 Emancipato:

205 1131 297 1205 Post
321 1153 538 1202 narravero:
565 1133 660 1203 uduo
682 1133 858 1204 distentus
885 1124 1026 1206 «inimus
1052 1142 1108 1206 est
1132 1159 1193 1207 nc·

762 1233 881 1327 gdtiia.
927 1291 930 1302 .

205 1334 324 1408 Porro
351 1333 471 1404 alitem
495 1339 698 1426 propero.“

155 1455 339 1513 distentus
369 1452 505 1513 animur
535 1459 600 1512 eat.
642 1451 723 1511 Libri
755 1459 811 1512 eat
836 1452 1020 1514 distentus
1046 1454 1193 1517 animur.

156 1539 256 1620 Stepb.
277 1543 334 1597 eat
354 1537 536 1597 dictentur
558 1536 694 1598 animus
715 1544 762 1596 ut.
804 1538 887 1598 Unde
907 1539 1041 1599 Rothim:

611 1622 709 1697 Post,
729 1642 934 1695 narravero,

199 1708 296 1768 Nunc
316 1713 355 1766 ut
375 1705 558 1766 distentus
580 1706 715 1766 animoa
737 1714 791 1766 eat
812 1707 988 1789 negotiis:

199 1794 313 1852 Porro
336 1797 449 1852 autem
472 1810 636 1871 propero.

156 1879 235 1937 Haec
256 1877 350 1956 specie
370 1873 469 1936 satiare
489 1883 622 1955 poasuot3
644 1877 695 1936 aad
712 1875 854 1935 sententia
873 1875 994 1937 laborat.
1036 1877 1106 1938 Nam
1127 1899 1193 1958 pro·

157 1962 288 2022 bebiiiter
308 1963 378 2021 baec
399 1961 494 2020 neacio
516 1960 578 2039 quia
599 1961 697 2033 alteri,
734 1961 768 2020 de
790 1960 883 2040 aliqua
903 1981 935 2020 re
956 1960 1045 2040 ipsum
1073 1961 1193 2024 interro·

156 2047 255 2130 genti,
286 2045 453 2126 respondet,
484 2065 596 2105 caueam
624 2044 785 2125 proferena,
818 2067 869 2106 cur
895 2066 951 2104 noo
974 2045 1068 2104 atatim
1090 2048 1125 2106 ad
1148 2068 1192 2122 ea,

157 2153 230 2213 quac
262 2132 311 2191 iiic
341 2131 545 2212 interrogavit,
576 2132 752 2211 respondere
785 2131 883 2211 poaait.
943 2131 1041 2210 Neque
1075 2131 1188 2192 omnino

157 2219 215 2278 dici
242 2237 325 2296 poaae
355 2216 479 2276 videtur:
510 2216 599 2275 Post
627 2236 840 2288 narravero,
869 2223 908 2276 ut
937 2236 1028 2277 nuuc
1057 2218 1193 2277 animur

157 2302 324 2384 negotiis
344 2300 524 2360 distentus
546 2307 611 2360 eat.
654 2300 763 2359 Deinde
785 2321 882 2380 parum
904 2301 1104 2360 accommodati
1125 2310 1193 2361 aunt

156 2407 256 2450 versus
293 2384 403 2445 iambici
437 2385 569 2457 trimetri,
611 2384 660 2444 ubi
692 2385 792 2463 aliquia
828 2406 889 2445 cum
928 2383 1013 2444 animi
1046 2385 1193 2466 perturba-

157 2474 235 2532 tione
259 2470 392 2550 loquitur.
427 2469 555 2529 Alterum
579 2490 690 2530 versum
717 2490 768 2549 pro
796 2470 922 2530 clausula
947 2471 1047 2530 habeo.
1086 2471 1194 2531 Cohae-

157 2578 223 2617 rere
249 2566 342 2618 autern
368 2554 478 2615 videtur
505 2555 559 2614 boc
584 2553 773 2637 fragmentum
798 2575 859 2615 cum
881 2553 961 2614 xxi.
974 2577 1025 2599 ’-
1052 2555 1137 2621 Quod
1157 2556 1194 2615 ad

159 2640 280 2703 Cbariaii
313 2639 574 2719 interpretationem
609 2639 740 2700 vocabuli
777 2660 882 2720 porro
920 2639 1036 2711 attinet,
1075 2639 1198 2699 Eotbiue

158 2726 319 2787 annotavit:
353 2723 524 2797 „Charisius
545 2744 650 2803 porro
678 2744 736 2783 non
764 2732 842 2785 recte
863 2725 1063 2804 interpretatur
1089 2725 1123 2784 in
1145 2724 1194 2784 fu·
1302 2779 1303 2783 ,

159 2821 287 2882 turum,
309 2830 371 2869 cum
392 2810 486 2870 vaieat
505 2809 693 2870 niteriua.“
735 2811 798 2868 Non
821 2810 881 2889 ipae
894 2810 1038 2869 Charisius
1059 2830 1194 2871 accusan-

158 2899 211 2956 dua
237 2897 362 2966 videtur,
392 2895 442 2954 aed
468 2894 583 2953 librarii.
627 2895 710 2960 duod
731 2902 763 2952 ut
783 2895 940 2966 illucescat,
968 2893 1084 2955 afferam
1105 2901 1195 2954 totum

158 2983 264 3053 iocum,
285 2980 333 3040 ubi
355 2980 389 3038 de
411 2977 543 3039 adverbio
565 2999 672 3058 porro
695 2979 804 3061 agitur,
826 2979 874 3058 qui
896 2979 940 3040 bic
962 2986 1021 3040 eat:
1045 2980 1193 3052 „Porro

101 3083 107 3102 ·
158 3067 199 3126 Μ.
213 3068 285 3125 Ceto
307 3065 413 3124 dierum
428 3063 562 3123 dictarum
576 3065 612 3122 de
626 3065 730 3122 Consu.
753 3084 819 3124 auo:
842 3064 925 3124 inde
947 3084 1061 3145 pergo
1082 3083 1192 3142 porro

160 3153 215 3211 ire
236 3154 270 3210 in
292 3151 450 3208 Turtam.
493 3149 568 3208 idem
590 3168 689 3228 supra:
712 3149 838 3228 ltaque
859 3168 966 3228 porro
988 3149 1021 3206 in
1044 3147 1194 3207 Turtam

84 3255 86 3260 ·
160 3234 382 3315 proficiscor
412 3240 590 3295 servatum
622 3233 723 3305 iilos,
759 3255 810 3314 pro
838 3235 961 3315 longius.
1004 3231 1138 3292 Afranius
1164 3232 1193 3290 io

159 3320 296 3400 Vopiaco:
328 3321 462 3378 Ferunt
488 3318 523 3377 di
553 3325 588 3378 at
613 3337 719 3397 porro
749 3338 920 3398 passuros
947 3316 1034 3377 acio.
1077 3317 1194 3377 Porro

160 3425 211 3485 pro
233 3405 261 3464 in
283 3403 415 3464 futurum.
446 3404 484 3462 M.
506 3405 578 3462 Cato
600 3402 629 3461 io
651 3404 763 3463 eodem:
793 3404 846 3462 Me
865 3401 1064 3463 sollicitum
1087 3409 1194 3480 atque

161 3489 359 3550 exercitum
380 3488 536 3546 habitum
564 3507 645 3547 esee
667 3495 772 3566 atque
793 3508 902 3567 porro
924 3486 1011 3546 iore.
1061 3485 1195 3546 Afranius

161 3575 190 3635 in
212 3575 410 3652 Emancipato:
441 3573 529 3631 Poat
554 3593 766 3636 narravero:
797 3593 887 3634 nune
914 3571 1098 3631 distentus
1125 3570 1195 3632 aoi-

160 3680 232 3719 mua
260 3667 313 3719 eat
344 3657 518 3739 negotiis.
561 3658 674 3716 Porro
696 3664 811 3718 autern
834 3662 1027 3738 propero.“
1069 3657 1196 3736 Apparet

161 3744 271 3804 Afranii
291 3746 371 3803 iocos
393 3763 456 3803 ease
477 3743 709 3822 transponendae.
760 3744 830 3801 Nam
852 3742 880 3801 in
902 3742 996 3824 priore
1016 3761 1122 3823 porro
1151 3749 1196 3802 ast
1275 3755 1277 3760 '

162 3829 197 3889 in
217 3827 391 3903 futurum,
418 3828 448 3887 in
469 3828 558 3887 altero
579 3827 725 3910 longina
746 3827 806 3888 aiva
827 3827 993 3889 ulterius.

660 4011 699 4074 X.

247 4132 392 4194 Charisius
413 4130 529 4192 ibidem:
552 4130 771 4204 „Pudentem
815 4130 930 4206 Cicero,
952 4129 1088 4196 ntaban
1103 4127 1197 4190 Maxi·

163 4235 223 4277 mur
243 4223 339 4293 notet3
366 4224 425 4278 tum
445 4215 579 4278 Airaniua
598 4217 627 4278 in
649 4217 845 4298 Emancipato:
