2932 4842
15 549 16 576 l

15 585 16 624 l

15 633 17 674 l

1131 381 1211 462 125

665 553 712 618 Ν.

251 673 361 736 Nonius
391 681 497 755 pt'l'l
525 676 570 736 ad.
598 677 702 738 Mera:
734 674 892 754 „Datim
917 682 963 738 est
988 673 1067 758 aperi
1094 679 1139 739 val
1160 699 1212 740 cx-

167 762 261 840 plana.
293 760 423 819 Titinius
444 793 486 806 -
508 760 537 820 in
558 761 688 822 Prnclia:

199 855 355 934 ‘Titine
381 853 620 950 comoediam,
648 854 757 957 quium
783 863 908 952 sciam,
935 853 1136 934 ddliceml“

164 977 325 1041 delitam.
361 975 459 1063 ¹Vulgo
494 997 562 1040 non
595 979 754 1042 delicern.
787 979 894 1040 Versus
924 980 1007 1040 testis
1038 985 1098 1055 ert,
1141 1001 1211 1043 non

167 1086 233 1126 asse
268 1066 497 1146 expungendum.
534 1065 654 1127 Botbius
685 1065 778 1126 malit:
812 1064 962 1139 Tibine,
995 1085 1078 1126 com.
1110 1083 1211 1146 qaam

168 1171 348 1297 peguapp),l⁰·n‘2
365 1151 412 1210 at
440 1151 529 1210 ldem:
552 1151 801 1223 „comoediam
826 1152 1041 1234 μεταφορικῶς
1060 1173 1113 1232 pro
1134 1154 1210 1226 ludo,

671 1405 703 1462 l'.

249 1515 359 1582 Nonius
380 1541 408 1602 p.
422 1529 484 1584 290
506 1523 550 1582 cd.
572 1523 677 1583 More:
700 1522 910 1595 „llisiicere
931 1520 1108 1582 manifestam
1128 1524 1212 1584 babet

165 1605 412 1688 significationem.
450 1608 489 1666 At
517 1609 678 1688 plerumque
706 1607 861 1678 disiicit‚
892 1607 998 1668 diuidit.
1042 1607 1161 1667 Plautus
1184 1610 1211 1668 in

165 1691 338 1751 Curculione
366 1692 429 1768 (ΙΙΙ.
453 1691 523 1774 lulla
567 1694 766 1772 Clupeatus
799 1693 1028 1772 elephantum
1062 1694 1121 1752 ubi
1149 1713 1212 1753 ma·

165 1777 300 1837 abaera
320 1777 469 1838 disiicit.
500 1777 629 1836 Titinius
650 1777 679 1836 in
700 1776 829 1836 Proelia:

621 1921 671 1932 -
697 1871 858 1950 Pdrnam
885 1885 997 1947 totam
1024 1837 1205 1978 disiicitst‘

165 1995 275 2076 Vulgo:
299 1995 467 2076 Diligere
490 1995 716 2056 manifestam
741 1998 851 2058 babet
872 1995 1211 2077 significationem,

166 2087 204 2138 ut
227 2081 446 2160 plerumque.
478 2081 630 2162 Diligit,
663 2083 810 2156 dividit,
842 2090 871 2142 ct
899 2082 1000 2140 deinde
1029 2081 1057 2138 in
1090 2088 1212 2160 utroque

167 2165 230 2224 loco
263 2165 351 2224 allato
378 2165 515 2247 diligit.
558 2166 660 2226 Veram
689 2168 854 2248 scripturam
884 2166 1046 2246 suppeditat
1066 2165 1110 2224 ed.
1132 2167 1211 2238 Pam,

166 2267 239 2328 quac
267 2257 359 2308 tamen
389 2255 419 2309 et
444 2251 506 2331 ipsa
533 2249 618 2312 babet
650 2251 774 2333 diligit
806 2247 954 2322 dividit,
986 2247 1096 2310 omissis
1116 2251 1212 2312 verbis

167 2333 335 2393 Titinius
358 2367 398 2380 -
421 2334 576 2396 disiicit.
626 2337 707 2417 Apud
733 2338 863 2396 Plautum
895 2337 983 2416 vulgo
1009 2335 1115 2417 legitur
1143 2336 1211 2395 dis-

165 2417 263 2478 sicit.
298 2419 455 2479 Salmasius
476 2423 513 2480 ad
535 2421 624 2480 Solia.
647 2441 674 2502 p.
687 2429 779 2484 1191.
797 2422 842 2495 Α.,
866 2423 910 2481 cui
925 2421 1063 2480 Ducarius
1080 2419 1116 2478 ad
1133 2422 1210 2481 Fest.

165 2523 192 2565 v.
215 2503 391 2586 Dirigere
418 2505 521 2585 aliique
548 2505 758 2578 auscultarunt,
791 2514 848 2567 tam
875 2506 949 2586 apud
977 2506 1107 2566 Plautum
1129 2525 1211 2584 quam

166 2588 241 2667 apud
273 2589 413 2648 Titinium
447 2593 600 2650 secundum
631 2592 760 2651 l'aullum
793 2611 830 2650 ex
863 2591 949 2652 Festo
976 2607 1003 2652 v.
1034 2591 1212 2672 Dirigare

165 2673 369 2733 restituendum
396 2676 507 2754 putavit
534 2677 676 2759 dirigit.
720 2677 865 2756 Surpicari
886 2677 969 2749 licet,
1001 2673 1074 2755 apud
1095 2676 1210 2736 Fasttrm

166 2778 279 2837 quoquc
306 2757 395 2819 fuisse
421 2760 606 2821 Disiicere
628 2782 680 2841 pro
702 2782 752 2834 eo,
781 2763 855 2841 quod
882 2762 966 2821 bodie
987 2762 1061 2840 apud
1082 2761 1211 2821 Paullum

166 2843 284 2926 legitur.
315 2845 434 2904 Bothius
467 2846 495 2904 in
524 2847 628 2906 Titinii
649 2848 713 2906 loco
735 2846 848 2926 scripsit
869 2847 1013 2928 deligit.
1058 2846 1122 2912 Quo
1145 2845 1211 2926 quid

167 2927 330 3007 profecerit,
353 2947 409 2988 non
430 2929 523 2992 video.
545 2963 588 2976 -
610 2938 729 2992 totam.
751 2932 818 2993 lun.
841 2951 931 3013 marg.
954 2936 1105 2990 coctam.

665 3099 712 3161 vl.

251 3213 361 3275 Nonius
381 3239 409 3296 p.
424 3223 484 3280 352
508 3219 552 3279 ed.
575 3219 680 3280 Mera:
702 3219 870 3294 „Nobilis
891 3215 1046 3277 dicitur-
1064 3223 1211 3276 notus.-

168 3299 251 3360 Unde
278 3308 308 3360 et
334 3303 579 3364 nobilitarunt
607 3303 787 3366 notificarent
808 3305 912 3365 dictum
934 3307 986 3361 est.
1030 3301 1159 3361 Titinius
1180 3305 1209 3361 in

168 3386 272 3446 mm·
363 3513 413 3525 —-
438 3465 634 3568 Magisque
657 3461 782 3546 bimae
809 3470 1077 3545 obiectardntne
1105 3469 1211 3544 cami

244 3569 448 3646 Maiestatis
474 3567 756 3648 nobilitr'rreutl“
782 3615 831 3628 —-

167 3689 293 3750 Prilia.
322 3689 472 3752 Sicilierc.
493 3694 758 3775 VulguPraclia.
785 3695 849 3753 Ald.
871 3692 1039 3752 Praeluo.
1060 3690 1211 3750 Van.l.ll.

168 3775 235 3833 Par.
264 3795 320 3834 non
348 3777 460 3836 babent.
482 3811 524 3824 -··
551 3778 753 3860 Magisque.
785 3779 847 3838 ald.
875 3779 942 3836 Bas.
969 3777 1068 3857 Stepb.
1095 3775 1213 3858 Magis

170 3877 267 3938 qnae.
288 3893 331 3904 -
345 3859 470 3922 lamae.
493 3863 564 3924 Van.
578 3864 644 3923 l.ll.
665 3865 733 3923 Par.
755 3865 822 3923 Bas.
845 3863 943 3942 steph.
965 3861 1068 3922 fame.
1090 3893 1132 3908 -
1154 3861 1213 3920 ob«

169 3943 411 4087 ieptarentua.
454 3948 549 4030 Vulgo
583 3948 830 4020 oblectarent,
870 3963 921 4007 na.
973 3947 1057 4007 Unde
1092 3946 1214 4005 Botbina

169 4027 337 4090 ineliciterr

211 4115 401 4196 Magisque
422 4115 514 4176 famd
535 4119 831 4189 oblectarentur,
854 4137 895 4176 na
914 4137 987 4176 eam
1003 4113 1213 4175 malefactis

779 4202 1031 4262 nobilitarunt.
