2938 4848
266 349 320 430 l2

267 473 400 622 poetae
429 524 610 615 exoticas,
648 525 785 616 idest,
819 518 1003 614 Graecas,
1036 526 1183 601 fabulas
1209 551 1308 604 com·
1441 527 1442 560 ³

251 631 480 723 'posuerant‚
506 651 570 702 eas
589 627 870 720 pronuntiabant
884 627 964 699 sive
985 630 1143 722 agebant
1161 630 1308 702 histrio·

266 754 333 805 nes
356 732 512 824 palliati,
544 730 583 803 id
608 737 681 819 cst,
705 729 833 802 habitu
858 725 1003 802 Graeco
1031 731 1159 824 ornati.
1210 731 1308 805 Nam

265 833 415 926 palliam
440 830 668 908 Graecorum
700 837 780 902 erat
803 830 998 923 proprium.
1056 831 1202 905 Deinde
1226 835 1307 927 plu·

265 958 326 1007 res
352 931 488 1008 Graeci
518 934 709 1006 mimorum
740 933 835 1004 tituli
869 939 1025 1006 exstant.
1075 933 1308 1008 Commemo-
1442 957 1443 996 l

184 1097 186 1104 .
265 1043 391 1108 rantur
422 1036 573 1108 Laberii
606 1034 925 1123 Alexandrea,
959 1032 1306 1126 Cacomnemon,
1442 1047 1443 1080 l

265 1135 429 1225 (lolax,
456 1139 515 1209 cui
538 1137 772 1230 cognomines
798 1138 1005 1208 comoedias
1027 1132 1192 1210 Graecas
1216 1140 1306 1212 scri·

263 1248 411 1332 pserant
426 1238 628 1310 Menander
653 1247 689 1309 et
707 1235 894 1325 Philemo,
922 1237 1176 1330 cophinus,
1203 1238 1306 1312 Cre·

265 1342 471 1439 ontes³⁶J‚
495 1341 730 1432 Ephebus,
756 1341 817 1433 qui
835 1341 966 1411 mimus
980 1343 1141 1414 fortasse
1155 1365 1306 1435 expres·

264 1465 327 1516 sus
358 1443 428 1515 fuit
469 1466 489 1512 e
523 1439 746 1514 Philemonis
771 1433 942 1536 Ἐφήβῳ,
959 1501 964 1512 .
983 1442 1204 1531 Hetaera,
1244 1445 1306 1516 oui
1443 1457 1444 1494 ³

262 1554 407 1639 praeter
444 1542 606 1616 Novium
642 1544 871 1636 palliatarum
915 1545 1070 1636 scriptor
1107 1544 1306 1637 ,Turpilius
1443 1561 1444 1606 ἕ

263 1646 512 1740 cognominem
536 1647 698 1716 fabulam
723 1646 993 1736 composuerat,
1026 1645 1304 1737 Necyoman·
1443 1683 1444 1716 ;

247 1750 345 1836 tia,
379 1749 419 1818 in
443 1771 519 1840 qna
540 1747 731 1818 scribenda
753 1749 911 1818 fortasse
935 1749 1067 1838 respici
1091 1750 1208 1840 potuit
1232 1748 1304 1821 So·

261 1850 356 1943 patri
369 1844 526 1934 Nerola,
553 1848 744 1939 Scylox3
770 1847 819 1928 (a
842 1847 982 1920 Lutatii
1007 1848 1145 1921 catuui
1168 1848 1304 1923 Phas-

260 1975 347 2041 ma,
390 1974 497 2045 quem
531 1951 678 2021 mimnm
718 1952 765 2020 ad
804 1948 1052 2022 Menandreae
1092 1955 1304 2024 comoediae
1444 2017 1445 2042 ,

260 2054 496 2126 imitationem
511 2053 752 2144 compositum
767 2052 882 2123 luisse
901 2053 1165 2151 coniiciunt³⁷)‚
1201 2053 1304 2133 auin
1437 2081 1445 2108 »2

259 2157 371 2250 igitur
402 2156 655 2226 nonnullorum
686 2155 831 2246 quidem
863 2154 1054 2227 mimorum
1088 2163 1304 2248 argumenta

258 2258 395 2331 luerint
419 2252 582 2344 Graeca,
608 2279 715 2328 nemo
740 2257 905 2348 profecto
932 2258 1017 2346 erit,
1045 2258 1107 2350 qui
1131 2259 1210 2328 iure
1237 2260 1302 2329 du·

259 2363 458 2548 lltltllam,
503 2481 596 2554 quae
635 2458 943 2532 demonstravisse
983 2460 1090 2533 nobis
1121 2460 1302 2549 uidemur,

258 2561 385 2658 paucis
416 2571 633 2654 repetamus.
694 2559 831 2634 illimus
857 2563 1027 2656 generale
1052 2583 1185 2634 nomen
1210 2570 1302 2651 erat,
1445 2597 1446 2676 ζ

258 2667 362 2738 cuius
386 2664 527 2757 species
554 2671 657 2735 erant
675 2664 840 2756 planipes
865 2673 903 2735 et
926 2665 1057 2736 mimus
1077 2665 1223 2758 proprie
1249 2666 1301 2736 di·

258 2775 349 2840 ctus.
406 2763 487 2837 Nec
517 2766 649 2838 murus
679 2766 872 2858 planipede
902 2789 971 2837 nec
995 2766 1158 2858 planipes
1190 2767 1301 2837 mimo
1445 2749 1446 2796 ³

256 2869 498 2963 praestantior
524 2875 621 2958 erat3
653 2869 738 2954 sed,
764 2870 862 2961 quod
887 2870 935 2939 ad
954 2868 1210 2961 praestantiam
1238 2875 1301 2939 aut

256 2972 432 3043 vilitatem
458 2992 585 3040 eorum
610 2970 754 3057 attinet,
794 2977 830 3040 et
854 2971 1045 3041 mimorum
1077 2976 1114 3041 et
1137 2970 1299 3060 planipe-

257 3076 343 3145 dum
360 3073 452 3144 alios
471 3073 771 3163 praestantiores,
799 3073 892 3142 alios
917 3073 1065 3142 viliores
1090 3072 1206 3143 fuisse
1226 3079 1298 3142 sta·

256 3177 427 3248 tuendum
460 3176 613 3245 ridetur.
672 3171 909 3264 Plaaipediae
935 3181 1186 3267 argumentum
1221 3181 1300 3242 erat

255 3277 481 3364 Romanum,
506 3276 760 3370 nonnullorum
785 3277 975 3348 mimorum
997 3271 1191 3348 Graecam.
1225 3272 1297 3345 Pa·

257 3381 460 3472 tetigitur,
502 3401 567 3449 eos
591 3380 745 3464 mimos,
775 3399 928 3470 quorum
953 3383 1204 3470 argumentum
1228 3376 1299 3447 fuit

145 3465 160 3494 ⁵
258 3477 461 3567 Graecum,
493 3480 622 3551 mimos
647 3483 857 3572 angustiore
882 3477 1144 3572 significatione
1164 3478 1299 3570 inisse3

256 3582 469 3674 praesertim
489 3603 598 3672 quum
625 3591 791 3652 caeterae
813 3603 955 3674 quoqne
974 3578 1224 3651 Romanorum
1243 3581 1298 3650 ia·

256 3684 363 3754 bulae
396 3684 604 3770 scaenicae,
644 3690 752 3774 prout
784 3691 910 3754 earum
942 3689 1193 3775 argumentum
1235 3687 1298 3751 aut

342 3831 396 3913 36)
425 3833 508 3911 Apud
530 3833 686 3894 charisium
708 3835 730 3893 l.
751 3854 779 3913 p.
794 3839 835 3895 84
857 3855 901 3915 ap.
923 3833 1040 3894 Putsch.
1061 3833 1168 3916 legitur
1188 3831 1296 3892 Laba-

254 3919 331 3978 rins
351 3917 387 3977 in
410 3918 580 3992 Creunsi3
602 3921 678 3980 ande
693 3921 871 3980 Creontes
892 3919 1015 3979 l'ahnlam
1030 3919 1192 3998 inscriptam
1207 3916 1297 3977 fuisse

254 4002 438 4085 probabiliter
455 4003 578 4064 coniecit
589 4005 708 4064 Bothins
724 4004 830 4064 Comic.
846 4003 914 4065 Lat.
926 4003 1056 4086 fragium.
1073 4026 1101 4084 p.
1116 4010 1193 4074 203,
1215 4021 1296 4082 quem

254 4088 329 4150 vide.
350 4119 394 4135 --
411 4085 475 4170 ,37)
499 4087 544 4149 cf.
559 4090 644 4150 Both.
663 4089 769 4151 Gonia.
789 4090 856 4150 Lot.
877 4089 1008 4172 fragnn.
1029 4112 1057 4171 p.
1071 4095 1201 4166 aaaron
1226 4087 1296 4148 We-

254 4173 340 4233 berns
360 4173 397 4246 ad
418 4173 548 4236 Juvenal.
576 4175 734 4236 snt-viu.
758 4181 829 4238 186.
