2932 4842
1147 356 1204 438 99

152 558 280 610 earnm
305 535 405 628 apud
428 531 616 608 Romanos
647 531 712 606 illo
745 542 909 626 tempore
940 531 1125 608 exstitisse
1149 533 1202 612 dt·

143 640 265 734 teitan,
291 645 333 710 ut
354 637 462 737 pliem
476 635 604 728 Lydus
625 634 723 706 buno
747 633 953 727 significare
980 642 1019 706 et
1038 636 1203 727 potuisse

154 748 191 812 et
222 741 385 812 voluisse
426 738 688 810 existimandus
721 736 788 824 sit,
832 742 1001 829 reeteque
1040 737 1103 806 alii
1134 735 1220 829 pro

158 837 317 922 Τίνιος
338 840 559 912 restituerint
572 834 754 933 Λίβιος.
792 833 851 909 Cf.
867 835 1099 912 Reuvensius
1116 836 1201 912 cot

152 946 285 1016 leetan.
318 943 385 1014 litt.
418 965 453 1034 p.
471 942 521 1014 26
541 963 619 1034 sqq.
654 948 690 1012 et
716 937 887 1012 Osannus
919 939 1087 1013 Analeot.
1119 938 1199 1016 orit.

152 1067 189 1138 p.
206 1047 268 1130 44.
301 1044 504 1117 Videamus
524 1044 651 1136 igitur,
678 1065 798 1112 nonne
815 1042 962 1114 aliunde
977 1044 1081 1136 quid,
1103 1045 1202 1137 qaod

13 1167 17 1188 ’
153 1148 234 1218 veri
258 1169 332 1216 non
357 1145 405 1217 sit
431 1145 623 1233 dissimile,
651 1145 781 1214 elicere
807 1144 1001 1234 possimus.
1050 1143 1103 1222 M.
1125 1145 1200 1222 Te·

152 1248 293 1324 rentins
332 1245 454 1320 Varro
497 1248 594 1339 apud
627 1241 834 1318 charisium
866 1244 921 1318 11.
960 1268 995 1338 p.
1025 1247 1098 1322 215
1140 1248 1198 1320 ed.

151 1348 305 1424 Putseh.
329 1348 602 1442 mbqubsimus
636 1356 692 1421 est
716 1347 950 1438 scriptorum.
983 1350 1043 1441 qui
1071 1349 1200 1424 Titinii
1295 1413 1296 1418 ,

150 1453 292 1530 cauum
316 1453 545 1526 mentionem.
597 1449 726 1542 Itaque
751 1449 811 1522 hie
836 1457 945 1541 poeto
973 1461 1036 1522 aut
1059 1449 1198 1532 Verre-

151 1555 210 1632 nis
236 1553 399 1646 aequalis
420 1553 508 1640 fuit,
533 1559 599 1624 aut
624 1560 708 1622 ante
726 1550 928 1624 Varronem
948 1553 1066 1628 vixit,
1102 1553 1198 1634 llum

152 1663 237 1732 onte
259 1653 464 1732 Varronem
483 1654 669 1740 memes,
704 1654 914 1746 intelligitur
939 1677 986 1728 ex
1012 1657 1090 1729 eius
1115 1679 1197 1730 eer-

152 1759 230 1846 bis,
257 1775 350 1852 queo
371 1754 561 1830 charisius
580 1754 612 1828 1.
639 1775 675 1847 p.
691 1757 742 1830 40
763 1777 821 1847 ep.
840 1753 991 1828 Pulseb.
1015 1760 1194 1834 servarit:

13 1937 14 1948 ,
152 1858 299 1949 „Velim
325 1881 394 1951 ego
422 1879 506 1928 osse
532 1879 639 1930 erare
664 1879 830 1949 eampum
858 1865 1051 1932 peteme
1100 1857 1197 1938 Nm

152 1984 233 2040 mos
265 1981 350 2032 osse
381 1960 566 2032 scribendi
597 1959 671 2030 iem
704 1959 934 2032 obsoleverat
972 1963 1196 2053 temporibus

13 2057 14 2060 ¹
152 2061 351 2149 Varronis,
381 2084 433 2136 ex
456 2083 527 2152 quo
550 2057 739 2134 Charisius
763 2062 787 2134 l.
815 2083 845 2132 e.
872 2061 963 2133 bueo
985 2065 1058 2136 dito
1083 2066 1196 2136 verba

152 2165 289 2242 munta
323 2161 452 2251 „Osse
478 2163 694 2239 scribebant.
704 2168 728 2206 “
781 2159 859 2250 Gi,
891 2185 985 2256 quae
1006 2167 1194 2238 annotavi·

150 2289 233 2338 mus
274 2267 321 2336 ad
357 2263 486 2335 Titinii
525 2264 672 2335 Ineertt.
707 2265 874 2356 fragmm.
910 2263 1021 2338 XIX.
1072 2263 1193 2342 Porro

151 2369 217 2440 tibi
241 2367 358 2440 facile
370 2366 623 2459 persuadebis,
651 2387 733 2436 enm
759 2372 879 2436 aetate
900 2362 1106 2438 Varronem
1131 2391 1193 2440 an-

151 2469 362 2556 tecessisse,
389 2469 422 2539 si
442 2469 647 2561 fragmenta
672 2469 750 2537 eius
775 2468 985 2560 perlegeris.
1031 2467 1130 2547 Quin
1155 2472 1193 2541 in

151 2571 231 2644 istIs
255 2571 469 2664 fragmentis
493 2569 667 2640 nonnulla
690 2570 871 2662 reperies,
912 2591 1006 2664 qnae
1030 2573 1093 2641 vel
1118 2571 1192 2645 Te·

150 2672 259 2745 rentii
283 2671 413 2744 oomiei
432 2671 653 2763 temporibus
680 2671 751 2742 iam
777 2672 894 2742 minus
919 2675 1052 2743 usitata
1076 2675 1192 2748 fnisse

150 2777 354 2847 rideantur.
405 2771 485 2844 Neo
508 2795 659 2865 prorsus
685 2774 920 2865 improbabile
947 2782 1019 2864 est,
1058 2774 1192 2850 Varro

60 2883 62 2888 '
150 2899 235 2948 nem
259 2883 406 2968 propter
430 2874 501 2946 hoe
531 2875 668 2966 ipsum,
708 2877 805 2968 quod
831 2874 990 2946 Titinius
1016 2875 1191 2950 Terentio

106 3013 107 3016 ¹
149 2979 222 3050 fuit
254 2977 450 3069 antiquior,
490 2976 598 3046 huius
629 2998 761 3047 nomen
787 2985 870 3067 post
902 2977 998 3048 illius
1024 2983 1191 3069 posuisse

150 3080 189 3150 iu
220 3079 340 3166 hisee,
379 3101 472 3171 quae
506 3074 693 3149 Charisius
719 3077 771 3149 ΙΙ.
799 3101 832 3169 p.
855 3079 929 3150 215
956 3102 1012 3171 ap.
1039 3079 1189 3154 Pntseh.

152 3203 200 3252 ex
233 3180 312 3252 eius
346 3181 392 3250 de
419 3179 563 3253 Latino¹
585 3201 753 3250 sermone
777 3181 870 3250 libro
897 3181 1021 3274 quinto
1046 3183 1188 3254 laudate

150 3280 281 3375 ,,Ἤθη
314 3283 404 3352 nulli
429 3282 490 3351 alii
516 3303 665 3352 servare
688 3283 877 3370 convenit,
917 3305 1025 3376 quam
1049 3283 1189 3356 Titinio

108 3398 118 3410 ·
153 3391 187 3454 et
213 3382 409 3473 Terenti03
452 3376 559 3476 πάθη
591 3405 680 3454 vero
714 3382 863 3454 Trabea
902 3395 939 3454 et
970 3385 1120 3458 Altilins
1154 3396 1191 3458 et
1224 3456 1230 3469 ,

152 3484 333 3558 Caecilius
358 3485 467 3556 iaeile
493 3491 726 3557 moverent.“
785 3484 856 3556 Ubi
887 3488 994 3557 simol
1033 3498 1191 3560 statuen-

151 3590 236 3659 dum
263 3589 329 3673 sit,
370 3589 465 3679 quod
491 3588 599 3658 otiam
623 3588 731 3657 facile
757 3590 867 3658 statui
891 3596 1028 3680 potest,
1064 3588 1190 3663 Garri·

149 3689 237 3759 lium
264 3690 501 3781 antiquiorem
527 3690 671 3781 quidem
696 3713 768 3760 nou
793 3691 928 3778 fuisse,
962 3713 1069 3782 quem
1096 3693 1190 3765 Tra·

149 3791 256 3862 beem
288 3791 537 3885 Attiiiumque.
596 3790 657 3861 Ex
689 3814 733 3862 eo
765 3813 872 3879 vero,
912 3796 1009 3885 qnod
1048 3797 1192 3892 scripsit

150 3890 453 3989 moverant),
486 3914 560 3964 non
585 3901 825 3964 moverunt
850 3895 909 3965 vel
935 3900 1189 3988 movebant,

193 4092 223 4174 ⁹)
254 4096 337 4160 Quod
365 4113 453 4172 quere
474 4094 592 4154 Bothias
622 4094 745 4154 Comiee.
772 4095 839 4154 Lat.
868 4094 998 4178 irogmm.
1021 4121 1048 4178 p.
1070 4107 1131 4164 127
1159 4100 1189 4160 in

151 4188 339 4243 severunt
359 4179 414 4244 sili
434 4181 595 4243 noandum
616 4180 745 4254 duxerit,
773 4201 830 4240 non
852 4181 943 4244 rideo
